2986 5002
681 288 921 352 —328—

209 456 361 515 rationem
380 453 407 511 ei
426 452 500 511 vitio
520 453 685 529 vertebant,
704 452 859 528 Euripidis
879 453 1022 530 exemplo,
1046 473 1136 528 quem
1154 453 1293 512 imitatus
1313 457 1387 532 erat,

209 544 366 602 defendere
391 544 516 610 conatus
540 543 593 618 est,
616 559 721 600 versus
744 541 813 600 illos
836 542 956 600 locutus
980 544 1026 600 est
1048 541 1080 600 id
1097 542 1232 620 graviter
1251 561 1387 621 querens,

132 703 134 712 ,
209 618 291 709 quod
309 632 429 690 fabulae
449 630 543 706 ipsius
558 630 685 688 Athenis
705 630 824 706 saepius
846 631 984 706 explosae
1003 633 1109 708 essent,
1133 650 1211 707 quae
1229 650 1277 690 res
1295 632 1386 691 verbo

207 720 340 798 πήμασιν
368 719 561 797 significatur.
608 720 687 777 unde
715 720 776 777 iam
803 721 889 795 patet
914 739 949 777 ea
972 739 1050 795 quae
1073 721 1258 795 praecedunt
1280 721 1386 780 misere

208 812 349 869 tnrncata
373 827 443 867 esse.
490 811 585 866 restat
612 811 713 866 tamen
742 808 822 882 quod
849 809 953 885 magni
980 809 1124 867 momenti
1151 809 1317 868 inhaere
1341 812 1387 868 est

208 897 386 978 Εὐριπίδου.
432 897 559 972 denique
583 897 619 954 de
642 897 678 954 fr.
695 899 736 955 28
763 896 891 955 adiciam
919 917 953 956 eo
981 897 1108 956 indicari
1129 897 1267 957 Proclem
1290 899 1386 975 illum,

208 988 323 1064 patriae
356 1005 428 1044 suae
455 985 650 1062 proditorem,
682 988 749 1043 tum
780 985 889 1044 vixisse
918 986 1074 1061 Syracusis
1106 986 1264 1064 magnifice
1297 1006 1386 1063 pecu-

209 1077 329 1152 niaque,
358 1095 450 1150 quam
474 1077 629 1150 acceperat
652 1094 670 1132 a
693 1074 847 1151 Dionysio,
878 1093 968 1132 usum
990 1093 1053 1134 esse
1077 1075 1115 1133 ad
1138 1093 1231 1151 equos
1255 1076 1386 1153 alendos,

210 1165 319 1242 quibus
337 1164 586 1239 pretiosissimum
605 1163 678 1222 adeo
698 1183 767 1221 eum
785 1163 931 1238 pabulum
949 1163 1129 1239 praebuisse.
1163 1165 1244 1239 quod
1263 1165 1289 1222 si
1307 1165 1387 1224 bunc

209 1273 329 1312 versum
352 1273 387 1311 ex
405 1254 479 1329 loco,
503 1252 533 1309 id
552 1252 632 1327 quod
651 1272 686 1310 ex
704 1253 799 1310 metro
819 1253 951 1329 adparet,
975 1253 1133 1330 grandiore
1157 1271 1230 1312 sono
1253 1273 1385 1328 pronun·

210 1343 286 1401 tiato
311 1342 502 1417 desumptum
526 1341 567 1400 sic
590 1341 779 1418 intellexeris
807 1341 922 1399 videbis
946 1361 1015 1399 eum
1037 1361 1068 1400 re
1092 1361 1164 1400 vera
1186 1343 1225 1400 ad
1248 1343 1387 1402 acerbam

210 1431 348 1506 Dionysii
370 1431 538 1489 irrisionem
560 1430 715 1505 pertinere.
741 1462 782 1469 —
806 1430 841 1487 fr.
864 1433 902 1488 31
934 1430 973 1488 ad
1002 1431 1156 1489 servulum
1177 1431 1270 1489 refert
1292 1432 1386 1508 Koclr,

211 1521 263 1597 qui
287 1520 434 1598 glorietur
457 1538 487 1577 se
511 1538 677 1594 numquam
700 1519 823 1577 vascula
847 1519 964 1596 eluisse,
993 1519 1044 1578 sed
1067 1519 1225 1596 elingendo
1249 1520 1389 1597 effecisse,

210 1613 246 1667 ut
272 1609 396 1685 puriora
424 1611 522 1666 essent
549 1608 717 1666 recentibus
742 1607 886 1665 Thericlia
914 1608 1038 1683 poculis,
1084 1608 1158 1666 mihi
1186 1611 1292 1667 contra
1315 1610 1389 1668 baec

211 1719 229 1756 a
247 1699 362 1756 Dolone
386 1698 451 1773 ipso
476 1696 633 1755 enuntiata
657 1715 719 1754 esse
742 1696 891 1773 videntur,
915 1715 1005 1772 quem
1028 1696 1176 1774 Eubulus,
1199 1700 1236 1755 ut
1258 1717 1329 1756 eum
1352 1698 1390 1756 ad

210 1788 305 1844 risum
336 1787 516 1845 movendum
546 1785 693 1861 aptiorem
725 1785 848 1861 faceret,
880 1785 953 1844 olim
982 1804 1101 1844 servum
1130 1786 1223 1844 fuisse
1253 1776 1388 1845 finxerat.

211 1877 292 1952 quod
316 1876 340 1933 si
363 1895 481 1933 mecum
505 1874 622 1951 statuiS,
650 1873 741 1933 verba
764 1866 843 1950 ἡνίκ’
869 1864 907 1950 ἦν
930 1870 997 1944 νέος
1020 1874 1139 1933 facilem
1161 1874 1275 1934 habent
1297 1875 1389 1951 expli-

211 1968 321 2024 catum.
360 1967 451 2040 atque
474 1965 547 2022 haec
570 1964 643 2021 bene
668 1962 841 2037 conspirant
864 1982 933 2021 cum
956 1963 1007 2040 eie,
1031 1983 1109 2039 quae
1128 1963 1228 2022 Dolon
1250 1965 1337 2022 fatur
1358 1965 1389 2022 in

211 2055 245 2111 fr.
267 2057 316 2112 30.
363 2053 466 2112 eadem
496 2052 576 2111 enim
605 2052 636 2109 in
666 2051 785 2110 homine
813 2051 872 2110 isto
900 2052 932 2109 in
959 2052 1130 2111 libertatem
1157 2055 1279 2129 vocato,
1311 2072 1388 2128 quae

212 2145 281 2200 ante
305 2142 336 2198 in
360 2160 444 2200 servo
467 2142 575 2218 fuerat,
599 2140 782 2215 conspicitur
805 2140 944 2199 edacitas.
982 2143 1115 2200 ceterum
1138 2161 1216 2216 quae
1236 2161 1255 2199 a
1273 2141 1387 2201 Kockio

161 2256 167 2264 ·
212 2231 398 2288 desideratur
421 2231 476 2288 hoc
499 2231 564 2289 loco
593 2229 743 2306 elingendi
770 2229 866 2305 notio,
895 2229 921 2287 si
944 2249 1003 2288 non
1026 2229 1135 2289 diserte
1159 2229 1388 2307 significatura

212 2321 316 2396 poeta,
346 2322 480 2378 atcerte
504 2338 539 2377 ex
560 2318 663 2377 ‘verbis
691 2318 764 2392 ipsis
791 2317 875 2376 facili
902 2318 1023 2395 negotio
1051 2317 1240 2396 intellegitur
1265 2319 1324 2396 ita,
1353 2322 1389 2376 ut

212 2408 294 2466 baud
317 2427 405 2485 aegre
429 2426 583 2466 careamus
606 2407 713 2466 Kockii
741 2407 925 2484 coniectura,
956 2407 1009 2482 qui
1031 2399 1110 2483 ἡνίκ’
1136 2398 1175 2484 ἦν
1197 2403 1265 2479 νέος
1287 2408 1319 2466 in
1341 2404 1388 2466 fa

213 2496 393 2575 λιχμώμενος
415 2497 554 2556 mutavit.

302 2620 543 2679 Vindobonae.
