2986 5002
684 324 724 331 -
771 287 924 350 202-

216 453 252 507 ut
275 450 375 509 editur
398 454 496 509 exstat
518 451 549 509 in
573 451 723 511 codicibus
746 451 845 532 bonis,
869 450 929 512 sed.
944 452 998 509 aut
1020 452 1071 524 qai
1092 469 1166 511 asas
1194 456 1245 512 est
1270 454 1326 512 bis
1349 455 1394 511 lit-

216 542 285 598 teris
308 542 363 598 aut
386 544 436 613 qai
458 559 531 599 asae
553 543 592 599 ia
613 543 668 599 bis
695 542 811 600 litteris:
837 540 916 598 unde
944 540 1128 599 tradentium
1156 541 1335 602 diuersitate
1362 543 1393 602 in

215 649 311 687 unum
325 631 429 688 coacta
443 629 584 688 efficitur:
603 633 654 702 qai
666 647 739 688 osas
759 624 1041 706 <elaad>estiais
1060 631 1168 692 litteris.
1193 631 1245 690 cfr.
1260 632 1393 693 Probum

216 718 247 776 in
285 718 374 778 Gellii
411 719 554 778 Noctium
590 719 677 776 XVII
702 722 719 777 9
747 721 765 777 3
804 723 866 778 erat
897 722 993 777 catera
1025 723 1197 778 comeatum
1233 723 1310 780 iater
1347 740 1393 782 ecs

216 808 476 866 clandestinam
499 810 534 866 de
556 809 756 868 commutando
780 810 838 868 sita
860 809 1029 866 litterarum.

304 900 332 954 l.
356 897 508 955 Ammiani
531 898 631 956 locum
654 897 711 955 etsi
738 897 853 972 pridem
881 899 1046 955 correctum
1074 901 1264 959 correcturus
1291 901 1392 958 tamen

215 985 341 1043 subdam
364 986 493 1062 etipse,
521 989 557 1044 ut
584 987 690 1045 erroris
719 989 788 1044 ortu
811 1004 1030 1063 progressuque
1058 987 1174 1047 detecto
1198 988 1323 1047 tandem
1345 1007 1390 1047 ac-

215 1074 346 1149 cipiatur
370 1075 450 1150 quod
473 1075 525 1132 diu
548 1075 643 1134 iacuit
666 1077 807 1150 spretum.
838 1074 932 1134 uerba
955 1077 1027 1134 sunt
1050 1075 1085 1134 de
1110 1076 1239 1152 Serapeo
1262 1076 1391 1136 Alexan

215 1163 299 1222 drino
323 1165 408 1221 XXH
429 1167 468 1223 16
492 1167 546 1223 13:
569 1167 602 1222 ia
625 1182 680 1236 qao
704 1165 893 1239 bybliothecae
915 1165 1036 1236 famant
1057 1167 1293 1226 inaestimabiles.
1322 1186 1391 1224 nam

215 1253 257 1311 sic
281 1254 378 1312 solent
397 1253 490 1330 edere,
515 1272 700 1328 quamquam
719 1253 800 1328 apud
820 1252 977 1312 Gelenium
995 1255 1027 1312 ia
1045 1271 1101 1327 aaa
1125 1299 1176 1312 ...
1201 1256 1392 1330 bybliothecae

215 1344 246 1400 et
268 1341 299 1398 in
322 1343 398 1401 libro
422 1343 569 1401 Vaticano
593 1344 626 1400 ia
649 1344 725 1415 qaod
746 1360 816 1400 aero
840 1343 1029 1417 bybliothecae
1051 1343 1131 1401 tradi
1153 1363 1214 1403 non
1237 1344 1393 1422 ignorant;

215 1433 248 1488 at
276 1431 332 1490 1100
362 1435 462 1489 tamen
494 1431 637 1489 uidentur
669 1431 807 1508 ignorare
839 1431 1056 1506 interpolatum
1088 1432 1219 1492 inueniri
1251 1433 1284 1491 in
1316 1433 1391 1492 libro

215 1520 346 1596 quodam
368 1522 451 1579 daae.
486 1521 566 1596 quod
588 1520 619 1577 in
638 1520 798 1578 Ammiano
822 1539 929 1578 uerum
952 1539 1015 1579 0000
1039 1521 1125 1581 credo
1152 1554 1189 1562 -
1215 1541 1313 1598 paene
1332 1522 1392 1580 dixi

215 1609 287 1685 quia
310 1610 421 1667 falsum
444 1612 501 1667 est:
525 1629 630 1686 nempe
650 1610 724 1667 duas
744 1628 812 1668 cum
831 1609 1036 1669 Alexandreae
1059 1611 1151 1670 fuisse
1174 1611 1391 1688 bybliothecas

213 1698 348 1776 legisset,
379 1718 575 1774 praepropere
602 1699 658 1758 1100
685 1698 805 1757 rettulit
832 1699 870 1756 ad
899 1698 1062 1774 Serapeum
1089 1719 1193 1759 unum.
1231 1701 1313 1777 quod
1343 1700 1392 1760 cui

213 1807 273 1846 nou
296 1788 452 1864 placuerit,
476 1788 507 1844 in
531 1787 651 1846 traditis
674 1787 844 1863 pluralibus
867 1788 1034 1847 remanebit
1056 1788 1083 1847 ei
1107 1808 1188 1848 error
1207 1809 1268 1865 quo
1292 1790 1391 1848 minus

214 1876 456 1952 circumscriptus
487 1896 521 1935 00
557 1876 648 1934 etiam
680 1877 804 1954 grauior
835 1876 998 1953 Ammiani,
1031 1895 1085 1937 nos
1114 1878 1302 1954 explicamus
1334 1879 1391 1938 ita:

214 1966 360 2041 scriptum
382 1967 559 2038 fueratque
583 1966 626 2023 II
646 1967 847 2040 bybliothecae,
875 1969 1078 2044 propagatum
1105 1970 1151 2026 est
1178 1986 1233 2041 quc
1257 1969 1316 2027 dcto
1344 1969 1391 2044 by·

215 2056 378 2123 bliolbeeae,
406 2058 473 2112 tum
496 2057 662 2114 correctum
689 2072 743 2127 aaa
767 2056 823 2135 aaa
843 2056 1045 2130 byblietbeeae,
1073 2058 1139 2114 tum
1169 2076 1205 2116 cx
1228 2057 1392 2133 archetypo

214 2144 325 2203 collato
357 2161 412 2216 qao
445 2142 498 2222 dij
531 2145 732 2219 bybliothecae,
769 2143 931 2203 nouissime
967 2145 1024 2204 hoc
1060 2145 1172 2204 lectum
1209 2147 1287 2219 qaod
1322 2165 1392 2206 acro

214 2234 408 2308 bybliothecae.
1098 2239 1100 2243 ’

303 2322 443 2381 Poteram
466 2341 589 2399 pergere
612 2341 709 2397 neque
732 2322 830 2381 hercle
854 2322 1030 2400 noluissem,
1053 2322 1112 2381 nisi
1134 2326 1277 2399 praepete
1301 2343 1393 2385 cursu

213 2412 329 2486 lampas
354 2413 431 2470 esset
453 2411 599 2470 tradenda
622 2411 783 2472 sodalibus

303 2535 491 2596 Monachii.
