2986 5002
183 1247 346 1305 Peracturo
371 1245 454 1323 Tibi,
477 1247 533 1304 Vir
555 1245 743 1324 Venerande,
771 1247 902 1304 lustrum
929 1247 1139 1308 duodecimum
1167 1253 1269 1328 gratu-

89 1336 243 1393 labundus
266 1335 355 1394 mitto
379 1336 496 1393 fructus
521 1335 666 1412 quosdam
690 1336 858 1395 studiorum
881 1355 1029 1414 meorum,
1054 1338 1107 1413 qui
1131 1340 1269 1414 quamvis

88 1445 144 1484 1111
169 1425 252 1483 aurei
276 1425 337 1482 sint
356 1445 409 1502 nee
428 1425 459 1481 in
478 1428 584 1499 patera
603 1427 745 1501 argentea
763 1425 971 1502 praebeantur,
995 1429 1096 1484 tamen
1115 1431 1151 1485 ut
1170 1429 1269 1487 animo

89 1514 218 1572 candido
247 1514 479 1591 gratissimoque
508 1514 687 1590 offeruntur,
716 1513 760 1572 ita
787 1513 914 1591 benigne
943 1533 993 1573 eos
1017 1515 1146 1591 accipias
1169 1518 1267 1576 velim.

89 1603 170 1661 Sunt
200 1607 302 1661 autem
332 1603 537 1661 additamenta
568 1601 811 1661 observationum
843 1602 1016 1661 criticorum
1044 1623 1161 1683 earum,
1193 1625 1268 1682 quas

87 1712 186 1767 nuper
204 1692 235 1749 in
254 1692 358 1750 Diario
373 1692 526 1750 Historiae
545 1691 624 1749 Iuris
642 1692 771 1750 Romani
790 1692 932 1769 congessi.
967 1692 1053 1762 Quod
1072 1693 1097 1751 si
1116 1695 1266 1754 desideras

86 1782 120 1838 in
150 1782 206 1840 hac
236 1801 304 1840 mea
333 1781 599 1840 dissertatiuncula
631 1783 812 1856 apparatum
845 1781 932 1839 illum
964 1782 1099 1841 locorum
1130 1787 1267 1843 veterum

88 1870 284 1947 scriptorum,
314 1889 390 1946 quos
417 1870 474 1929 viri
503 1870 598 1934 docti„
611 1872 642 1928 et
667 1873 704 1927 ut
731 1888 808 1945 quae
836 1871 993 1945 proferunt
1020 1872 1147 1946 probent
1175 1877 1205 1931 ct
1232 1877 1268 1931 ut

88 1978 183 2035 quam
215 1960 313 2017 multe
347 1959 476 2037 legerint
506 1959 677 2035 ostendant,
708 1959 967 2018 lucubrationibus
998 1960 1060 2018 suis
1091 1961 1267 2040 adspergere

87 2049 195 2125 solent,
219 2048 352 2126 ignosce,
377 2066 501 2126 quaeso,
525 2048 611 2125 mihi,
635 2047 684 2106 cui
707 2048 779 2127 dum
802 2048 834 2106 in
858 2048 965 2106 Silesia
987 2049 1051 2106 ruri
1075 2069 1145 2128 ago,
1170 2051 1267 2110 fontes
1333 2105 1335 2111 .

88 2157 126 2195 ac
148 2137 219 2215 rivi,
246 2139 326 2196 unde
350 2138 485 2196 doctrina
512 2137 566 2195 1111
588 2137 760 2214 hauriatur,
784 2157 843 2196 non
867 2137 1017 2214 adfluunt,
1045 2139 1103 2196 nisi
1132 2141 1208 2199 forte
1233 2160 1268 2199 ex

86 2226 234 2285 memoria
261 2227 309 2286 hic
336 2226 399 2285 illic
426 2227 507 2286 locos
536 2226 682 2302 quosdam
709 2227 825 2285 adferre
853 2227 956 2304 velim,
984 2227 1015 2285 id
1043 2229 1123 2303 quod
1151 2232 1265 2288 veteres

46 2381 49 2386 ,
86 2315 302 2392 grammaticos
324 2316 428 2374 fecisse
452 2318 582 2394 constat,
610 2319 713 2375 nostra
741 2318 842 2374 temen
871 2318 982 2395 aetate,
1011 2336 1072 2392 qua
1100 2318 1201 2376 aditus
1230 2319 1268 2376 ad

85 2404 181 2463 libros
204 2405 316 2464 multos
341 2405 477 2464 omnibus
505 2405 566 2463 fere
594 2423 710 2480 semper
732 2404 845 2481 ubique
868 2407 971 2480 patere
1000 2407 1089 2484 solet,
1118 2406 1179 2465 iam
1207 2427 1267 2466 non

85 2494 120 2550 in
144 2512 202 2551 usu
225 2497 278 2552 est.
325 2494 382 2552 Sed
406 2494 529 2552 adrem
551 2493 714 2553 veniamus

178 2583 213 2640 In
238 2583 494 2642 observationibus
523 2601 614 2658 supra
642 2583 881 2642 commemoratis
910 2583 1117 2658 quaestionem
1145 2605 1265 2661 quoque

86 2673 175 2729 illam
188 2671 405 2749 difficillimam,
420 2672 456 2730 de
471 2691 532 2748 qua
546 2691 642 2747 nuper
655 2672 785 2730 Eiselius
800 2675 831 2730 et
841 2672 1085 2744 Gradenwitzius
1094 2675 1265 2732 accuratius

86 2761 308 2838 disseruerunt,
343 2762 449 2820 leviter
483 2761 582 2838 tetigi,
613 2761 859 2836 interpolationes
894 2760 960 2820 dico
991 2761 1173 2820 Triboniani.
1221 2764 1266 2822 De

87 2849 200 2925 quibus
219 2850 390 2909 cautissime
409 2850 602 2909 iudicandum
621 2869 684 2909 esse
703 2853 777 2925 puto
797 2869 893 2926 neque
913 2868 1029 2926 semper
1048 2870 1116 2909 cum
1135 2851 1266 2911 Graden-

86 2939 189 2998 witzio
221 2942 275 2996 aut
304 2939 415 2998 Eiselio
446 2939 537 3016 facio,
568 2942 726 3014 propterea
757 2939 837 3014 quod
864 2959 924 2998 non
952 2940 1050 2998 solum
1073 2940 1267 3019 Papinianus,

87 3047 180 3103 quem
203 3029 419 3105 MommsenuS,
447 3029 478 3085 ni
506 3029 608 3106 fallor,
637 3049 696 3087 non
724 3028 822 3105 loqui,
851 3028 902 3086 sed
928 3028 1079 3088 balbutire
1103 3029 1188 3109 dicit,
1216 3031 1267 3089 sed

87 3117 183 3174 etiam
206 3117 363 3196 Scaevola,
393 3116 598 3195 Callistratus
626 3117 788 3195 UlpianuS,
816 3117 944 3196 PauluS,
972 3118 1158 3178 Modestinus
1186 3120 1268 3178 haud

86 3225 158 3264 raro
187 3225 321 3265 sermone
349 3226 442 3282 pravo
470 3206 518 3264 usi
546 3209 630 3284 sunt,
659 3226 693 3265 11
723 3226 759 3265 ne
790 3206 975 3283 antiquiores
1004 3208 1125 3284 quidem
1153 3227 1269 3284 semper

88 3294 296 3354 locutionibus
319 3296 526 3371 vituperandis
550 3296 769 3355 abstinuerunt.
802 3295 1009 3356 Periculosum
1032 3297 1128 3375 igitur
1150 3298 1269 3358 videtur

90 3385 193 3444 locum
216 3384 367 3460 quendam
390 3384 560 3443 abiudicare
584 3384 658 3442 111111
681 3385 820 3460 scriptori
847 3385 941 3444 veteri
969 3389 1060 3461 atque
1089 3387 1268 3446 Triboniano

88 3473 257 3531 attribuere
288 3476 411 3549 propter
443 3475 541 3532 solum
574 3473 716 3532 sermonis
749 3475 890 3551 colorem,
924 3474 982 3531 nisi
1014 3476 1159 3533 accedunt
1192 3476 1268 3534 aliae

91 3580 202 3621 causae
226 3581 295 3621 cum
318 3563 439 3622 aliunde
457 3566 523 3620 tum
547 3582 582 3620 111
605 3562 670 3621 iure
693 3565 839 3638 sumptae.
882 3563 927 3622 De
951 3563 1060 3639 quibus
1084 3583 1268 3640 quamquam

85 3651 176 3710 nobis
194 3651 268 3708 iuris
293 3651 439 3727 imperitis
463 3651 616 3709 difficilius
635 3652 772 3711 sitrecte
791 3652 932 3730 iudicare,
952 3659 1053 3710 tamen
1073 3671 1164 3710 ausus
1184 3673 1266 3712 eram

85 3741 146 3799 hos
169 3743 228 3799 tres
252 3740 375 3816 Ulpiani
399 3742 480 3800 locos
503 3741 534 3798 in
563 3741 763 3816 suspicionem
785 3760 901 3818 vocare,
925 3741 1109 3799 adsentiente
1133 3744 1169 3799 ut
1191 3742 1266 3800 mihi

86 3828 210 3906 quidem
233 3829 353 3888 videtur
376 3830 525 3889 Pemicio:
549 3830 584 3887 D.
607 3832 702 3908 24,1,
728 3832 836 3906 32,10
854 3831 988 3904 pleriqm
1011 3831 1087 3887 cuim
1105 3848 1171 3888 cura
1189 3832 1264 3890 bouu

83 3920 185 3992 qratia
215 3920 366 3978 disceduul
395 3910 471 3999 (scil.
502 3918 657 3996 coniuges,
688 3919 741 3994 qui
770 3919 933 3978 divortium
963 3910 1106 3999 faciunt),
1133 3920 1266 3993 pleriqm

86 4026 156 4066 rum
180 4009 228 4065 ira
255 4009 303 4066 sui
330 4010 423 4066 uuiuri
451 4013 476 4067 el
503 3999 656 4088 offeusu.¹)
700 4010 808 4084 24,1,
834 4010 950 4085 32,13
981 4024 1040 4064 riou
1071 4010 1146 4066 euim
1176 4012 1266 4068 roilus

84 4098 308 4155 matrimonium
329 4098 414 4169 fucit,
443 4098 494 4156 sul
516 4098 663 4156 maritalis
686 4098 806 4169 affectio.
846 4098 1015 4174 35,1,15
1044 4099 1165 4170 euplius
1189 4101 1266 4156 euim

178 4250 204 4318 1)
223 4249 350 4318 Plerique
363 4249 532 4318 —plerique
555 4265 628 4301 nunc
651 4247 747 4302 inveni
770 4265 814 4316 ap.
834 4247 909 4300 Serv.
930 4246 967 4300 ad
985 4247 1053 4300 Aen.
1073 4248 1085 4300 l
1106 4253 1169 4303 181:
1194 4251 1266 4318 quod

84 4338 177 4374 ommes
198 4321 308 4387 fuciuul
331 4321 541 4385 adulesceutuli‚
565 4326 597 4373 ut
619 4322 743 4374 uuimum
765 4320 803 4373 ud
821 4319 933 4387 aliquod
955 4319 1077 4372 eludium
1100 4320 1265 4391 adiumqaut

81 4393 220 4518 1812111111ξά
224 4408 304 4514 egros
317 4392 536 4515 lllrl’ssplellqw
549 4407 636 4444 curres.
666 4391 829 4460 Plerumque
838 4391 1037 4458 -plerumque
1052 4390 1129 4459 apud
1144 4392 1265 4446 eundem

85 4498 91 4515 .
120 4481 164 4516 rv.
262 4479 305 4515 uc.
415 4505 420 4515 .
