2940 4994
229 1016 261 1075 Si
286 1016 360 1092 quid
383 1016 548 1077 coniectare
576 1016 648 1076 licet
676 1017 830 1096 philologo
859 1021 950 1094 atque
973 1019 1120 1078 festorum
1142 1040 1196 1094 per
1218 1022 1314 1098 legem

145 1106 231 1164 ctiam
255 1105 463 1164 confabulanti
486 1107 549 1184 hoc,
573 1105 766 1164 EDUARDE
790 1105 1038 1185 WOELFFLIN,
1062 1111 1176 1167 certum
1200 1113 1245 1168 est
1268 1131 1313 1168 me

143 1194 249 1272 fingere
268 1195 430 1253 ueraciter:
450 1195 553 1271 apium
572 1214 695 1254 examen
714 1200 744 1255 te
764 1215 893 1273 quoque,
912 1215 981 1255 cum
999 1197 1031 1255 in
1050 1197 1207 1256 cunabulis
1227 1218 1313 1276 esseS,

141 1284 425 1361 circumstrepuisse,
455 1285 628 1359 prouolasse
659 1285 881 1362 imperatorem,
912 1286 1077 1344 consedisse
1110 1286 1141 1344 in
1172 1285 1221 1346 ore
1251 1291 1314 1366 tuo,

141 1373 201 1432 siue
221 1372 364 1448 spiritum
383 1376 470 1432 tuum
490 1374 550 1432 iam
568 1377 635 1432 tum
654 1375 771 1433 dulcem
785 1373 961 1450 praelibarit
975 1394 1028 1433 seu
1046 1378 1076 1434 te
1096 1376 1216 1451 qualem
1234 1396 1314 1436 nunc

139 1462 282 1520 habemus
296 1462 497 1540 praesignarit
514 1483 583 1522 mox
602 1482 771 1522 euasurum.
805 1464 995 1538 nequeenim
1013 1463 1055 1542 fit,
1074 1468 1110 1522 ut
1128 1466 1312 1541 temporibus

138 1569 232 1627 usque
264 1551 303 1609 ad
334 1554 519 1611 ostentorum
539 1552 741 1630 largitionem
770 1573 830 1612 non
858 1553 918 1610 iam
946 1553 1060 1630 pronis,
1089 1553 1142 1629 qui
1169 1558 1312 1613 euentum

138 1643 347 1716 compererunt
368 1641 515 1718 homineS,
543 1641 689 1700 desistant
716 1642 876 1700 uaticinari
900 1661 935 1699 ex
958 1661 1000 1700 eo.
1039 1661 1167 1718 quorum
1191 1646 1221 1701 ct
1247 1644 1311 1719 ipse

136 1747 205 1804 pars
229 1729 275 1787 fui
299 1729 370 1789 licet
392 1730 528 1788 minima:
557 1730 629 1790 dum
656 1731 691 1789 de
720 1751 769 1790 ore
797 1731 858 1789 iam
885 1730 1027 1789 mellifluo
1052 1734 1083 1789 et
1105 1731 1136 1788 in
1160 1751 1219 1807 quo
1243 1733 1311 1791 inde

137 1837 232 1893 usque
256 1819 373 1878 habitet
401 1819 513 1897 Suada,
542 1820 645 1877 suauis
674 1820 825 1879 doctrinae
850 1819 1076 1894 aliquantillum
1104 1821 1176 1879 olim
1204 1821 1311 1899 delibo,

136 1927 215 1967 nunc
239 1911 343 1966 autem
366 1908 473 1967 cotidie
496 1908 593 1986 magis
621 1909 752 1968 delector
775 1909 1021 1985 quotiescumque
1045 1909 1146 1968 dulces
1169 1910 1256 1970 iauos
1280 1911 1312 1968 in

138 1997 249 2072 scripta
263 1997 379 2072 reperio
399 1997 522 2075 delatos,
543 2017 671 2073 quorum
686 1998 806 2074 sittybis
820 2017 928 2058 nomen
941 1999 1115 2073 praeluceat
1128 1999 1311 2058 Woeliilinii.

136 2089 172 2143 ut
195 2086 256 2143 tuis
280 2085 376 2163 igitur
399 2087 540 2166 auspiciis
564 2087 679 2162 pridem
702 2088 874 2146 exstiteram
898 2087 1044 2165 apiarius,
1073 2087 1115 2146 sic
1142 2091 1196 2146 tuo
1223 2089 1311 2148 hodie

136 2174 322 2252 sexagenarii
345 2176 433 2252 genio
456 2194 566 2234 munus
590 2177 697 2234 annale
721 2177 876 2235 soluturus
899 2176 993 2234 Uaria
1016 2177 1200 2254 congerendo
1223 2178 1311 2237 Liba·

136 2267 238 2322 menta
256 2264 353 2323 denuo
377 2265 569 2340 periclitabor
591 2265 751 2324 fortunam.
790 2265 999 2342 sedquoniam
1017 2269 1136 2341 tempus
1154 2285 1208 2326 nos
1222 2271 1312 2345 urget

136 2353 311 2429 instantque
335 2355 449 2412 strenui
478 2357 646 2413 strenarum
673 2355 764 2413 IIuiri
793 2358 956 2432 coactoreS,
984 2355 1084 2414 breuis
1108 2373 1170 2414 esse
1194 2356 1311 2432 labor03

137 2445 172 2500 tu
194 2442 300 2501 uideas
323 2463 396 2500 num
419 2443 489 2501 fiam
513 2443 663 2503 obscurus.

228 2535 254 2589 1.
274 2531 385 2590 Feruet
403 2551 478 2608 opus
498 2548 628 2608 apesque
647 2552 730 2590 meae
749 2532 884 2590 insidunt
897 2532 1021 2591 Velleio.
1049 2533 1174 2591 haerent
1192 2536 1306 2592 tamen:

137 2639 206 2678 nam
229 2640 283 2696 pro
307 2620 411 2697 thymo
435 2621 565 2680 cicutam
588 2621 777 2699 inuenerunt,
801 2641 862 2696 qua
880 2622 1041 2698 degustata
1061 2621 1117 2680 sois
1141 2623 1310 2697 quamcito

138 2710 328 2768 emoriantur.
363 2711 443 2785 quod
466 2711 574 2769 nolunt
597 2712 704 2788 legere,
727 2712 783 2770 hoc
806 2710 837 2768 in
860 2710 1048 2769 Murbacensi
1071 2711 1244 2769 membrana
1267 2712 1311 2770 ita

138 2802 201 2856 erat
220 2791 321 2878 (1136
339 2790 387 2879 2):
412 2802 476 2872 quis
496 2802 572 2858 euim
590 2803 706 2874 ipuorat
724 2801 879 2872 diremptos
895 2801 1037 2873 cratibus
1057 2801 1159 2858 aetatis
1177 2803 1311 2871 floruisse

137 2888 187 2944 boe
214 2893 338 2961 tempore
368 2887 531 2947 Ciceronem
557 2889 760 2957 Hortensium,
790 2893 910 2961 cuteque
939 2886 1080 2947 Crassum
1110 2887 1222 2947 Cotum
1244 2889 1310 2948 Sul-

133 2979 258 3048 picium,
288 2994 409 3050 uiaeque
437 2977 567 3036 Brutum
598 2976 746 3036 Calidium
777 2976 909 3046 Caelum,
943 2976 1069 3036 Oulmm
1097 2982 1122 3036 et
1142 2980 1312 3051 prouimum

140 3064 269 3124 Ciceroni
293 3064 457 3134 Gaesarem,
482 3084 634 3140 emmaque
655 3068 735 3126 uelut
757 3067 891 3125 ulmuaos
916 3065 1077 3125 Coruiuum
1100 3085 1135 3126 ue
1152 3067 1267 3126 Polliou

139 3152 283 3222 Asinium,
308 3156 508 3228 aemulumque
533 3155 711 3231 lliueurliclis
733 3155 914 3223 Sallustium,
939 3160 1123 3229 auctoresque
1147 3159 1311 3215 curmiuum

146 3243 304 3302 Varroucm
335 3261 370 3302 uc
402 3244 572 3303 [auretium
607 3263 716 3318 aeque
747 3246 819 3302 ullo
850 3247 887 3302 iu
918 3247 1075 3318 suspecti
1106 3248 1224 3319 operis
1255 3248 1312 3305 sui

142 3335 293 3391 curmiue
319 3335 488 3391 miuo-rem
517 3331 702 3392 Catullum.
744 3352 841 3410 neque
869 3336 1007 3411 gustant,
1036 3335 1116 3410 quod
1144 3335 1310 3394 coniunctis

140 3421 251 3479 uiribus
279 3422 408 3480 offerunt
435 3422 555 3498 Lipsius
578 3422 773 3481 Marklandus
796 3422 938 3481 Heinsius
965 3423 1175 3482 Ruhnkenius:
1203 3443 1312 3496 meque

142 3511 208 3568 ullo
237 3513 274 3569 iu
305 3514 459 3584 suseepti
488 3514 605 3584 operis
635 3509 736 3586 [sui]
767 3513 883 3584 forma
913 3514 1081 3570 miuorem
1114 3510 1309 3580 Catullum,

143 3618 190 3658 nec
213 3600 292 3675 quod
316 3599 459 3658 Haasius:
487 3618 594 3674 aeque
621 3602 692 3658 ullo
720 3603 758 3659 iu
784 3603 938 3674 suscepti
961 3603 1078 3672 operis
1107 3602 1163 3658 sui
1183 3618 1311 3673 periere

143 3683 335 3763 [carmine]
361 3692 529 3747 miuorem
558 3688 748 3758 Catullum,
778 3693 832 3748 aut
858 3689 1010 3747 Halmius:
1038 3707 1146 3762 acque
1172 3690 1246 3746 ullo
1274 3691 1311 3746 iu
1427 3707 1430 3713 ·

144 3782 297 3850 suscepto
321 3781 491 3838 earmiuis
509 3781 566 3837 sui
584 3796 685 3851 opere
704 3781 873 3838 miuorem
893 3776 1087 3845 Catullum,
1107 3797 1143 3835 ne
1162 3777 1309 3854 Maduigii

145 3866 257 3938 quidem
287 3866 348 3924 illis
378 3869 489 3943 placet:
522 3885 630 3939 aeque
660 3868 732 3926 ullo
764 3864 845 3942 [iu]
875 3868 1032 3939 suscepti
1063 3868 1180 3938 operis
1211 3864 1311 3940 [sui]

145 3957 258 4027 uiuere
286 3959 451 4014 uolucrem
480 3956 665 4015 Catullum.
704 3957 824 4015 tandem
852 3954 1029 4014 bombilanti
1052 3956 1162 4029 plausu
1185 3974 1254 4014 eum
1278 3973 1308 4013 se

146 4048 348 4117 prosecuturos
372 4064 434 4104 esse
459 4045 657 4122 consentiunt,
682 4045 734 4121 qui
754 4043 866 4104 Catulli
885 4044 1025 4102 notitiam
1045 4042 1180 4102 Cornelio
1200 4043 1311 4118 Nepoti

146 4134 274 4192 retulerit
301 4138 467 4211 acceptam,
496 4134 609 4192 Catulli
636 4152 708 4207 opus
739 4167 776 4174 —
807 4132 944 4208 quamvis
975 4133 1146 4207 obstrepent
1177 4132 1309 4190 Matinae

148 4220 258 4281 Sorores
280 4255 317 4262 -
339 4223 374 4281 de
390 4224 452 4283 solo
467 4223 600 4281 Passeris
619 4223 720 4282 libello
739 4221 928 4298 intellexerit,
946 4222 1045 4280 locum
1064 4220 1192 4295 denique
1211 4223 1310 4279 totum

148 4312 298 4385 gratiorem
321 4312 394 4387 ipsis
418 4312 579 4371 reddiderit
602 4313 658 4370 ita:

185 4419 272 4474 oeque
285 4402 344 4459 ullo
358 4398 461 4480 ul<si>
475 4403 611 4460 succiueti
624 4403 719 4474 operis
732 4397 753 4474 [
750 4397 782 4475 s]
795 4399 943 4458 uolmuiue
955 4400 1095 4457 miuorem
1111 4396 1265 4456 Catullum.
1375 4442 1378 4447 .
