<?xml version="1.0" encoding="UTF-8"?>
<!DOCTYPE html PUBLIC "-//W3C//DTD XHTML 1.0 Transitional//EN"
    "http://www.w3.org/TR/xhtml1/DTD/xhtml1-transitional.dtd">
<html xmlns="http://www.w3.org/1999/xhtml" xml:lang="en" lang="en">
 <head>
  <title>
</title>
<meta http-equiv="Content-Type" content="text/html;charset=utf-8" />
  <meta name='ocr-system' content='tesseract 3.04.00' />
  <meta name='ocr-capabilities' content='ocr_page ocr_carea ocr_par ocr_line ocrx_word'/>
</head>
<body>
  <div class='ocr_page' id='page_1' title='image "./commentationesw00woelgoog_0250.png"; bbox 0 0 2986 5002; ppageno 0'>
   <div class='ocr_carea' id='block_1_1' title="bbox 79 1136 1292 4244">
    <p class='ocr_par' dir='ltr' id='par_1_1' title="bbox 112 1136 1290 2285">
     <span class='ocr_line' id='line_1_1' title="bbox 201 1136 1288 1216; baseline 0.001 -20"><span class='ocrx_word' id='word_1_1' title='bbox 201 1137 348 1216; x_wconf 91' lang='lat' dir='ltr'>Primum,</span> <span class='ocrx_word' id='word_1_2' title='bbox 374 1138 454 1214; x_wconf 86' lang='lat' dir='ltr'>quod</span> <span class='ocrx_word' id='word_1_3' title='bbox 477 1136 626 1196; x_wconf 80' lang='lat' dir='ltr'>lubricum</span> <span class='ocrx_word' id='word_1_4' title='bbox 649 1140 707 1215; x_wconf 91' lang='grc'><strong>661,</strong></span> <span class='ocrx_word' id='word_1_5' title='bbox 732 1155 910 1213; x_wconf 83' lang='lat' dir='ltr'>quaeremus</span> <span class='ocrx_word' id='word_1_6' title='bbox 934 1136 1044 1214; x_wconf 90' lang='lat' dir='ltr'>quibus</span> <span class='ocrx_word' id='word_1_7' title='bbox 1067 1137 1202 1196; x_wconf 88' lang='lat' dir='ltr'>terminis</span> <span class='ocrx_word' id='word_1_8' title='bbox 1225 1159 1288 1198; x_wconf 93' lang='lat' dir='ltr'>rem</span> 
     </span>
     <span class='ocr_line' id='line_1_2' title="bbox 113 1226 1289 1302; baseline 0.001 -17"><span class='ocrx_word' id='word_1_9' title='bbox 113 1227 323 1286; x_wconf 89' lang='lat' dir='ltr'>describamus.</span> <span class='ocrx_word' id='word_1_10' title='bbox 371 1229 442 1285; x_wconf 88' lang='lat' dir='ltr'>sunt</span> <span class='ocrx_word' id='word_1_11' title='bbox 470 1227 549 1286; x_wconf 87' lang='lat' dir='ltr'>enim</span> <span class='ocrx_word' id='word_1_12' title='bbox 577 1226 615 1284; x_wconf 91' lang='lat' dir='ltr'>ab</span> <span class='ocrx_word' id='word_1_13' title='bbox 641 1227 698 1284; x_wconf 89' lang='grc'><strong>1166</strong></span> <span class='ocrx_word' id='word_1_14' title='bbox 727 1227 902 1302; x_wconf 76' lang='lat' dir='ltr'>quaestione</span> <span class='ocrx_word' id='word_1_15' title='bbox 930 1228 1110 1286; x_wconf 85' lang='lat' dir='ltr'>semouenda</span> <span class='ocrx_word' id='word_1_16' title='bbox 1137 1229 1234 1286; x_wconf 90' lang='lat' dir='ltr'>multa</span> <span class='ocrx_word' id='word_1_17' title='bbox 1258 1231 1289 1286; x_wconf 92' lang='grc'>61</span> 
     </span>
     <span class='ocr_line' id='line_1_3' title="bbox 112 1316 1287 1394; baseline 0.002 -21"><span class='ocrx_word' id='word_1_18' title='bbox 112 1317 194 1375; x_wconf 87' lang='grc'><strong>16616</strong></span> <span class='ocrx_word' id='word_1_19' title='bbox 221 1320 252 1374; x_wconf 87' lang='grc'>61</span> <span class='ocrx_word' id='word_1_20' title='bbox 278 1316 413 1375; x_wconf 87' lang='lat' dir='ltr'>fortuita.</span> <span class='ocrx_word' id='word_1_21' title='bbox 460 1335 520 1375; x_wconf 91' lang='lat' dir='ltr'>non</span> <span class='ocrx_word' id='word_1_22' title='bbox 548 1316 643 1393; x_wconf 90' lang='lat' dir='ltr'>igitur</span> <span class='ocrx_word' id='word_1_23' title='bbox 671 1316 747 1374; x_wconf 90' lang='lat' dir='ltr'>duco</span> <span class='ocrx_word' id='word_1_24' title='bbox 776 1316 807 1372; x_wconf 93' lang='lat' dir='ltr'>in</span> <span class='ocrx_word' id='word_1_25' title='bbox 835 1316 891 1374; x_wconf 91' lang='lat' dir='ltr'>hoc</span> <span class='ocrx_word' id='word_1_26' title='bbox 918 1336 1024 1394; x_wconf 81' lang='lat' dir='ltr'>genere</span> <span class='ocrx_word' id='word_1_27' title='bbox 1053 1316 1127 1374; x_wconf 88' lang='lat' dir='ltr'>iusti</span> <span class='ocrx_word' id='word_1_28' title='bbox 1154 1317 1287 1392; x_wconf 88' lang='lat' dir='ltr'>certique</span> 
     </span>
     <span class='ocr_line' id='line_1_4' title="bbox 112 1405 1287 1481; baseline 0.003 -19"><span class='ocrx_word' id='word_1_29' title='bbox 112 1405 314 1464; x_wconf 88' lang='lat' dir='ltr'>homoeoarcti</span> <span class='ocrx_word' id='word_1_30' title='bbox 332 1425 385 1464; x_wconf 92' lang='lat' dir='ltr'>nec</span> <span class='ocrx_word' id='word_1_31' title='bbox 404 1424 440 1463; x_wconf 92' lang='grc'>66</span> <span class='ocrx_word' id='word_1_32' title='bbox 462 1405 670 1481; x_wconf 75' lang='grc'><strong>6116611611661</strong></span> <span class='ocrx_word' id='word_1_33' title='bbox 688 1405 914 1463; x_wconf 90' lang='grc'><strong>6666666611616</strong></span> <span class='ocrx_word' id='word_1_34' title='bbox 937 1405 1167 1481; x_wconf 77' lang='lat' dir='ltr'>praepositionis</span> <span class='ocrx_word' id='word_1_35' title='bbox 1186 1409 1217 1464; x_wconf 91' lang='lat' dir='ltr'>et</span> <span class='ocrx_word' id='word_1_36' title='bbox 1235 1427 1287 1465; x_wconf 93' lang='lat' dir='ltr'>no·</span> 
     </span>
     <span class='ocr_line' id='line_1_5' title="bbox 113 1489 1288 1572; baseline 0.002 -20"><span class='ocrx_word' id='word_1_37' title='bbox 113 1495 219 1572; x_wconf 89' lang='lat' dir='ltr'>minis,</span> <span class='ocrx_word' id='word_1_38' title='bbox 237 1498 273 1552; x_wconf 92' lang='lat' dir='ltr'>ut</span> <span class='ocrx_word' id='word_1_39' title='bbox 300 1495 377 1552; x_wconf 90' lang='lat' dir='ltr'>illud</span> <span class='ocrx_word' id='word_1_40' title='bbox 399 1493 562 1552; x_wconf 88' lang='lat' dir='ltr'>Andronici</span> <span class='ocrx_word' id='word_1_41' title='bbox 586 1489 1079 1571; x_wconf 62' lang='grc' dir='ltr'>ε(166661661611166(1611161166,</span> <span class='ocrx_word' id='word_1_42' title='bbox 1109 1515 1162 1554; x_wconf 90' lang='lat' dir='ltr'>nec</span> <span class='ocrx_word' id='word_1_43' title='bbox 1186 1514 1288 1554; x_wconf 91' lang='grc'><strong>66666-</strong></span> 
     </span>
     <span class='ocr_line' id='line_1_6' title="bbox 112 1581 1287 1661; baseline 0.003 -21"><span class='ocrx_word' id='word_1_44' title='bbox 112 1584 249 1642; x_wconf 88' lang='grc'><strong>66611616</strong></span> <span class='ocrx_word' id='word_1_45' title='bbox 277 1581 439 1642; x_wconf 85' lang='lat' dir='ltr'>uerborum</span> <span class='ocrx_word' id='word_1_46' title='bbox 471 1603 531 1642; x_wconf 92' lang='lat' dir='ltr'>non</span> <span class='ocrx_word' id='word_1_47' title='bbox 565 1586 705 1658; x_wconf 89' lang='lat' dir='ltr'>aptorum</span> <span class='ocrx_word' id='word_1_48' title='bbox 735 1583 813 1642; x_wconf 91' lang='grc'><strong>16161</strong></span> <span class='ocrx_word' id='word_1_49' title='bbox 842 1602 873 1641; x_wconf 89' lang='grc'>66</span> <span class='ocrx_word' id='word_1_50' title='bbox 904 1584 1064 1661; x_wconf 86' lang='grc'><strong>6111661616,</strong></span> <span class='ocrx_word' id='word_1_51' title='bbox 1097 1587 1133 1642; x_wconf 89' lang='grc'>61</span> <span class='ocrx_word' id='word_1_52' title='bbox 1162 1585 1193 1642; x_wconf 91' lang='grc'>16</span> <span class='ocrx_word' id='word_1_53' title='bbox 1223 1585 1287 1643; x_wconf 87' lang='lat' dir='ltr'>ded.</span> 
     </span>
     <span class='ocr_line' id='line_1_7' title="bbox 114 1665 1288 1749; baseline 0.002 -19"><span class='ocrx_word' id='word_1_54' title='bbox 114 1674 240 1731; x_wconf 82' lang='lat' dir='ltr'>Sorano:</span> <span class='ocrx_word' id='word_1_55' title='bbox 264 1668 382 1732; x_wconf 79' lang='lat' dir='ltr'>‘Semol</span> <span class='ocrx_word' id='word_1_56' title='bbox 400 1675 430 1730; x_wconf 90' lang='lat' dir='ltr'>te</span> <span class='ocrx_word' id='word_1_57' title='bbox 450 1675 537 1732; x_wconf 90' lang='grc'><strong>61661</strong></span> <span class='ocrx_word' id='word_1_58' title='bbox 555 1690 592 1730; x_wconf 89' lang='grc'>66</span> <span class='ocrx_word' id='word_1_59' title='bbox 610 1665 696 1730; x_wconf 87' lang='lat' dir='ltr'>uoti&#39;.</span> <span class='ocrx_word' id='word_1_60' title='bbox 735 1691 769 1730; x_wconf 90' lang='grc'>66</span> <span class='ocrx_word' id='word_1_61' title='bbox 788 1692 824 1730; x_wconf 91' lang='grc'>66</span> <span class='ocrx_word' id='word_1_62' title='bbox 844 1672 869 1730; x_wconf 92' lang='grc'>61</span> <span class='ocrx_word' id='word_1_63' title='bbox 888 1672 1038 1731; x_wconf 87' lang='grc'><strong>666116616</strong></span> <span class='ocrx_word' id='word_1_64' title='bbox 1061 1673 1288 1749; x_wconf 87' lang='lat' dir='ltr'>coniunctisque</span> 
     </span>
     <span class='ocr_line' id='line_1_8' title="bbox 114 1761 1288 1839; baseline 0 -19"><span class='ocrx_word' id='word_1_65' title='bbox 114 1763 235 1837; x_wconf 86' lang='lat' dir='ltr'>quidem</span> <span class='ocrx_word' id='word_1_66' title='bbox 256 1761 356 1820; x_wconf 89' lang='lat' dir='ltr'>uerbis</span> <span class='ocrx_word' id='word_1_67' title='bbox 375 1761 453 1819; x_wconf 91' lang='lat' dir='ltr'>binis</span> <span class='ocrx_word' id='word_1_68' title='bbox 472 1762 608 1839; x_wconf 82' lang='lat' dir='ltr'>singulae</span> <span class='ocrx_word' id='word_1_69' title='bbox 628 1764 824 1820; x_wconf 77' lang='lat' dir='ltr'>consonantes</span> <span class='ocrx_word' id='word_1_70' title='bbox 844 1762 963 1819; x_wconf 88' lang='lat' dir='ltr'>eaedem</span> <span class='ocrx_word' id='word_1_71' title='bbox 987 1761 1115 1837; x_wconf 86' lang='lat' dir='ltr'>speciem</span> <span class='ocrx_word' id='word_1_72' title='bbox 1138 1764 1288 1838; x_wconf 86' lang='lat' dir='ltr'>quandam</span> 
     </span>
     <span class='ocr_line' id='line_1_9' title="bbox 113 1849 1287 1928; baseline 0.003 -21"><span class='ocrx_word' id='word_1_73' title='bbox 113 1851 315 1910; x_wconf 90' lang='lat' dir='ltr'>homoeoarcti</span> <span class='ocrx_word' id='word_1_74' title='bbox 338 1849 481 1928; x_wconf 86' lang='lat' dir='ltr'>efficiunt,</span> <span class='ocrx_word' id='word_1_75' title='bbox 505 1870 571 1910; x_wconf 86' lang='grc'><strong>6616</strong></span> <span class='ocrx_word' id='word_1_76' title='bbox 594 1850 821 1909; x_wconf 89' lang='lat' dir='ltr'>similitudinem</span> <span class='ocrx_word' id='word_1_77' title='bbox 839 1870 893 1926; x_wconf 90' lang='lat' dir='ltr'>pro</span> <span class='ocrx_word' id='word_1_78' title='bbox 913 1854 993 1909; x_wconf 90' lang='lat' dir='ltr'>certo</span> <span class='ocrx_word' id='word_1_79' title='bbox 1012 1851 1131 1909; x_wconf 91' lang='lat' dir='ltr'>iustoue</span> <span class='ocrx_word' id='word_1_80' title='bbox 1150 1852 1287 1910; x_wconf 88' lang='lat' dir='ltr'>homoeo-</span> 
     </span>
     <span class='ocr_line' id='line_1_10' title="bbox 115 1934 1289 2016; baseline 0.001 -19"><span class='ocrx_word' id='word_1_81' title='bbox 115 1943 197 1999; x_wconf 88' lang='lat' dir='ltr'>arcto</span> <span class='ocrx_word' id='word_1_82' title='bbox 220 1940 329 1998; x_wconf 90' lang='lat' dir='ltr'>habere</span> <span class='ocrx_word' id='word_1_83' title='bbox 353 1941 456 1999; x_wconf 89' lang='lat' dir='ltr'>audeo.</span> <span class='ocrx_word' id='word_1_84' title='bbox 504 1939 584 2015; x_wconf 89' lang='lat' dir='ltr'>quod</span> <span class='ocrx_word' id='word_1_85' title='bbox 607 1939 768 1997; x_wconf 88' lang='lat' dir='ltr'>fortuitum</span> <span class='ocrx_word' id='word_1_86' title='bbox 791 1958 854 1998; x_wconf 91' lang='lat' dir='ltr'>esse</span> <span class='ocrx_word' id='word_1_87' title='bbox 877 1942 952 2014; x_wconf 89' lang='lat' dir='ltr'>puto</span> <span class='ocrx_word' id='word_1_88' title='bbox 976 1939 1008 1996; x_wconf 91' lang='lat' dir='ltr'>in</span> <span class='ocrx_word' id='word_1_89' title='bbox 1030 1940 1086 1998; x_wconf 91' lang='lat' dir='ltr'>hoc</span> <span class='ocrx_word' id='word_1_90' title='bbox 1106 1934 1289 2016; x_wconf 61' lang='grc' dir='ltr'>ε6611166661</span> 
     </span>
     <span class='ocr_line' id='line_1_11' title="bbox 113 2025 1288 2106; baseline 0.001 -20"><span class='ocrx_word' id='word_1_91' title='bbox 113 2031 145 2086; x_wconf 93' lang='lat' dir='ltr'>in</span> <span class='ocrx_word' id='word_1_92' title='bbox 166 2034 260 2106; x_wconf 88' lang='lat' dir='ltr'>longa</span> <span class='ocrx_word' id='word_1_93' title='bbox 282 2029 419 2088; x_wconf 74' lang='lat' dir='ltr'>licuisset</span> <span class='ocrx_word' id='word_1_94' title='bbox 437 2029 499 2087; x_wconf 92' lang='lat' dir='ltr'>tibe</span> <span class='ocrx_word' id='word_1_95' title='bbox 517 2029 598 2086; x_wconf 90' lang='lat' dir='ltr'>uticr</span> <span class='ocrx_word' id='word_1_96' title='bbox 615 2025 701 2086; x_wconf 87' lang='lat' dir='ltr'>uita&#39;.</span> <span class='ocrx_word' id='word_1_97' title='bbox 739 2031 777 2106; x_wconf 92' lang='grc'>61,</span> <span class='ocrx_word' id='word_1_98' title='bbox 801 2047 986 2104; x_wconf 89' lang='lat' dir='ltr'>quamquam</span> <span class='ocrx_word' id='word_1_99' title='bbox 1005 2030 1200 2088; x_wconf 91' lang='lat' dir='ltr'>consonantia</span> <span class='ocrx_word' id='word_1_100' title='bbox 1218 2030 1288 2087; x_wconf 91' lang='lat' dir='ltr'>talis</span> 
     </span>
     <span class='ocr_line' id='line_1_12' title="bbox 114 2112 1290 2197; baseline 0.001 -22"><span class='ocrx_word' id='word_1_101' title='bbox 114 2119 212 2194; x_wconf 91' lang='lat' dir='ltr'>qualis</span> <span class='ocrx_word' id='word_1_102' title='bbox 231 2121 277 2177; x_wconf 92' lang='grc'>661</span> <span class='ocrx_word' id='word_1_103' title='bbox 294 2119 350 2176; x_wconf 89' lang='grc'><strong>1116</strong></span> <span class='ocrx_word' id='word_1_104' title='bbox 368 2118 400 2176; x_wconf 92' lang='grc'>16</span> <span class='ocrx_word' id='word_1_105' title='bbox 419 2118 482 2176; x_wconf 87' lang='lat' dir='ltr'>ded.</span> <span class='ocrx_word' id='word_1_106' title='bbox 499 2118 627 2178; x_wconf 80' lang='lat' dir='ltr'>Sorana:</span> <span class='ocrx_word' id='word_1_107' title='bbox 652 2112 799 2176; x_wconf 77' lang='lat' dir='ltr'>‘leibereis</span> <span class='ocrx_word' id='word_1_108' title='bbox 813 2112 943 2176; x_wconf 87' lang='lat' dir='ltr'>lubetcs’</span> <span class='ocrx_word' id='word_1_109' title='bbox 958 2117 1085 2176; x_wconf 84' lang='lat' dir='ltr'>fortasse</span> <span class='ocrx_word' id='word_1_110' title='bbox 1099 2138 1159 2197; x_wconf 85' lang='lat' dir='ltr'>non</span> <span class='ocrx_word' id='word_1_111' title='bbox 1174 2137 1290 2195; x_wconf 88' lang='lat' dir='ltr'>semper</span> 
     </span>
     <span class='ocr_line' id='line_1_13' title="bbox 114 2206 972 2285; baseline 0 -21"><span class='ocrx_word' id='word_1_112' title='bbox 114 2208 332 2285; x_wconf 73' lang='lat' dir='ltr'>fuitfortuita,</span> <span class='ocrx_word' id='word_1_113' title='bbox 356 2211 457 2266; x_wconf 89' lang='lat' dir='ltr'>tamen</span> <span class='ocrx_word' id='word_1_114' title='bbox 480 2208 516 2266; x_wconf 86' lang='lat' dir='ltr'>de</span> <span class='ocrx_word' id='word_1_115' title='bbox 540 2226 575 2266; x_wconf 90' lang='lat' dir='ltr'>ea</span> <span class='ocrx_word' id='word_1_116' title='bbox 598 2226 629 2266; x_wconf 88' lang='lat' dir='ltr'>rc</span> <span class='ocrx_word' id='word_1_117' title='bbox 652 2207 728 2264; x_wconf 90' lang='lat' dir='ltr'>nihil</span> <span class='ocrx_word' id='word_1_118' title='bbox 752 2206 972 2265; x_wconf 85' lang='lat' dir='ltr'>affirmauerim.</span> 
     </span>
    </p>

    <p class='ocr_par' dir='ltr' id='par_1_2' title="bbox 112 2296 1290 3069">
     <span class='ocr_line' id='line_1_14' title="bbox 202 2296 1290 2372; baseline -0.002 -16"><span class='ocrx_word' id='word_1_119' title='bbox 202 2297 271 2356; x_wconf 90' lang='lat' dir='ltr'>Non</span> <span class='ocrx_word' id='word_1_120' title='bbox 294 2296 420 2354; x_wconf 89' lang='lat' dir='ltr'>dubium</span> <span class='ocrx_word' id='word_1_121' title='bbox 443 2299 546 2355; x_wconf 91' lang='lat' dir='ltr'>autem</span> <span class='ocrx_word' id='word_1_122' title='bbox 568 2297 798 2355; x_wconf 88' lang='lat' dir='ltr'>homoeoarcton</span> <span class='ocrx_word' id='word_1_123' title='bbox 821 2299 852 2354; x_wconf 92' lang='lat' dir='ltr'>et</span> <span class='ocrx_word' id='word_1_124' title='bbox 875 2296 956 2372; x_wconf 86' lang='lat' dir='ltr'>quod</span> <span class='ocrx_word' id='word_1_125' title='bbox 978 2297 1066 2354; x_wconf 87' lang='lat' dir='ltr'>facile</span> <span class='ocrx_word' id='word_1_126' title='bbox 1090 2315 1177 2354; x_wconf 90' lang='lat' dir='ltr'>aures</span> <span class='ocrx_word' id='word_1_127' title='bbox 1200 2297 1290 2355; x_wconf 87' lang='lat' dir='ltr'>feriat</span> 
     </span>
     <span class='ocr_line' id='line_1_15' title="bbox 115 2385 1289 2462; baseline 0.002 -20"><span class='ocrx_word' id='word_1_128' title='bbox 115 2386 245 2461; x_wconf 90' lang='lat' dir='ltr'>primum</span> <span class='ocrx_word' id='word_1_129' title='bbox 267 2385 303 2443; x_wconf 92' lang='lat' dir='ltr'>fit</span> <span class='ocrx_word' id='word_1_130' title='bbox 325 2386 357 2442; x_wconf 92' lang='lat' dir='ltr'>in</span> <span class='ocrx_word' id='word_1_131' title='bbox 380 2386 472 2444; x_wconf 92' lang='lat' dir='ltr'>ternis</span> <span class='ocrx_word' id='word_1_132' title='bbox 497 2385 691 2462; x_wconf 88' lang='lat' dir='ltr'>quaternisue</span> <span class='ocrx_word' id='word_1_133' title='bbox 719 2385 819 2444; x_wconf 91' lang='lat' dir='ltr'>uerbis</span> <span class='ocrx_word' id='word_1_134' title='bbox 847 2385 948 2444; x_wconf 88' lang='lat' dir='ltr'>littera</span> <span class='ocrx_word' id='word_1_135' title='bbox 975 2385 1073 2461; x_wconf 90' lang='lat' dir='ltr'>prima</span> <span class='ocrx_word' id='word_1_136' title='bbox 1096 2386 1199 2444; x_wconf 87' lang='lat' dir='ltr'>eadem</span> <span class='ocrx_word' id='word_1_137' title='bbox 1222 2405 1289 2444; x_wconf 89' lang='lat' dir='ltr'>con-</span> 
     </span>
     <span class='ocr_line' id='line_1_16' title="bbox 114 2469 1288 2553; baseline -0.001 -21"><span class='ocrx_word' id='word_1_138' title='bbox 114 2475 198 2533; x_wconf 90' lang='lat' dir='ltr'>tinue</span> <span class='ocrx_word' id='word_1_139' title='bbox 225 2474 367 2553; x_wconf 89' lang='lat' dir='ltr'>repetita,</span> <span class='ocrx_word' id='word_1_140' title='bbox 395 2478 432 2532; x_wconf 90' lang='lat' dir='ltr'>ut</span> <span class='ocrx_word' id='word_1_141' title='bbox 455 2472 586 2550; x_wconf 67' lang='grc'>&lt;16611161</span> <span class='ocrx_word' id='word_1_142' title='bbox 608 2474 715 2551; x_wconf 90' lang='lat' dir='ltr'>lingua</span> <span class='ocrx_word' id='word_1_143' title='bbox 738 2469 856 2550; x_wconf 78' lang='lat' dir='ltr'>latina’3</span> <span class='ocrx_word' id='word_1_144' title='bbox 889 2474 994 2532; x_wconf 87' lang='lat' dir='ltr'>deinde</span> <span class='ocrx_word' id='word_1_145' title='bbox 1024 2474 1056 2531; x_wconf 94' lang='lat' dir='ltr'>in</span> <span class='ocrx_word' id='word_1_146' title='bbox 1083 2474 1161 2533; x_wconf 91' lang='lat' dir='ltr'>binis</span> <span class='ocrx_word' id='word_1_147' title='bbox 1189 2475 1288 2533; x_wconf 91' lang='lat' dir='ltr'>uerbis</span> 
     </span>
     <span class='ocr_line' id='line_1_17' title="bbox 115 2557 1289 2640; baseline -0.002 -18"><span class='ocrx_word' id='word_1_148' title='bbox 115 2564 264 2622; x_wconf 81' lang='lat' dir='ltr'>continuis</span> <span class='ocrx_word' id='word_1_149' title='bbox 287 2565 313 2622; x_wconf 93' lang='lat' dir='ltr'>si</span> <span class='ocrx_word' id='word_1_150' title='bbox 328 2566 391 2622; x_wconf 83' lang='lat' dir='ltr'>aut</span> <span class='ocrx_word' id='word_1_151' title='bbox 413 2564 571 2624; x_wconf 91' lang='lat' dir='ltr'>uocalibus</span> <span class='ocrx_word' id='word_1_152' title='bbox 594 2563 698 2639; x_wconf 91' lang='lat' dir='ltr'>primis</span> <span class='ocrx_word' id='word_1_153' title='bbox 722 2564 807 2639; x_wconf 90' lang='lat' dir='ltr'>paria</span> <span class='ocrx_word' id='word_1_154' title='bbox 826 2559 910 2622; x_wconf 76' lang='lat' dir='ltr'>suntz&#39;</span> <span class='ocrx_word' id='word_1_155' title='bbox 934 2559 1053 2638; x_wconf 73' lang='lat' dir='ltr'>‘aspera</span> <span class='ocrx_word' id='word_1_156' title='bbox 1071 2557 1210 2640; x_wconf 88' lang='lat' dir='ltr'>aficicta&#39;,</span> <span class='ocrx_word' id='word_1_157' title='bbox 1235 2566 1289 2621; x_wconf 88' lang='lat' dir='ltr'>aut</span> 
     </span>
     <span class='ocr_line' id='line_1_18' title="bbox 112 2652 1288 2730; baseline -0.001 -20"><span class='ocrx_word' id='word_1_158' title='bbox 112 2653 192 2721; x_wconf 84' lang='lat' dir='ltr'>binis</span> <span class='ocrx_word' id='word_1_159' title='bbox 224 2653 469 2712; x_wconf 86' lang='lat' dir='ltr'>consonantibus:</span> <span class='ocrx_word' id='word_1_160' title='bbox 507 2653 626 2728; x_wconf 88' lang='lat' dir='ltr'>crispus</span> <span class='ocrx_word' id='word_1_161' title='bbox 654 2670 790 2730; x_wconf 86' lang='grc'><strong>6166666,</strong></span> <span class='ocrx_word' id='word_1_162' title='bbox 824 2655 878 2710; x_wconf 93' lang='lat' dir='ltr'>aut</span> <span class='ocrx_word' id='word_1_163' title='bbox 910 2652 1086 2712; x_wconf 90' lang='lat' dir='ltr'>consonanti</span> <span class='ocrx_word' id='word_1_164' title='bbox 1118 2656 1149 2710; x_wconf 92' lang='lat' dir='ltr'>et</span> <span class='ocrx_word' id='word_1_165' title='bbox 1175 2653 1288 2712; x_wconf 90' lang='lat' dir='ltr'>uocali:</span> 
     </span>
     <span class='ocr_line' id='line_1_19' title="bbox 115 2741 1290 2819; baseline 0 -19"><span class='ocrx_word' id='word_1_166' title='bbox 115 2743 206 2815; x_wconf 88' lang='lat' dir='ltr'>pulla</span> <span class='ocrx_word' id='word_1_167' title='bbox 229 2762 394 2818; x_wconf 89' lang='lat' dir='ltr'>purpurea.</span> <span class='ocrx_word' id='word_1_168' title='bbox 433 2742 507 2818; x_wconf 92' lang='lat' dir='ltr'>quin</span> <span class='ocrx_word' id='word_1_169' title='bbox 530 2743 621 2800; x_wconf 88' lang='lat' dir='ltr'>etiam</span> <span class='ocrx_word' id='word_1_170' title='bbox 642 2742 674 2799; x_wconf 94' lang='grc'>16</span> <span class='ocrx_word' id='word_1_171' title='bbox 692 2741 792 2800; x_wconf 87' lang='lat' dir='ltr'>uerbis</span> <span class='ocrx_word' id='word_1_172' title='bbox 811 2761 871 2800; x_wconf 91' lang='lat' dir='ltr'>non</span> <span class='ocrx_word' id='word_1_173' title='bbox 890 2741 1048 2819; x_wconf 89' lang='lat' dir='ltr'>contiguis,</span> <span class='ocrx_word' id='word_1_174' title='bbox 1072 2743 1159 2800; x_wconf 91' lang='lat' dir='ltr'>modo</span> <span class='ocrx_word' id='word_1_175' title='bbox 1178 2761 1290 2818; x_wconf 90' lang='lat' dir='ltr'>magna</span> 
     </span>
     <span class='ocr_line' id='line_1_20' title="bbox 116 2831 1289 2908; baseline -0.001 -19"><span class='ocrx_word' id='word_1_176' title='bbox 116 2831 326 2890; x_wconf 90' lang='lat' dir='ltr'>contineantur</span> <span class='ocrx_word' id='word_1_177' title='bbox 353 2832 496 2891; x_wconf 88' lang='lat' dir='ltr'>societate</span> <span class='ocrx_word' id='word_1_178' title='bbox 525 2831 702 2908; x_wconf 90' lang='grc'><strong>6661661166,</strong></span> <span class='ocrx_word' id='word_1_179' title='bbox 730 2831 854 2908; x_wconf 86' lang='lat' dir='ltr'>grauior</span> <span class='ocrx_word' id='word_1_180' title='bbox 879 2831 952 2889; x_wconf 91' lang='lat' dir='ltr'>haec</span> <span class='ocrx_word' id='word_1_181' title='bbox 980 2831 1175 2889; x_wconf 88' lang='lat' dir='ltr'>consonantia</span> <span class='ocrx_word' id='word_1_182' title='bbox 1199 2831 1289 2906; x_wconf 86' lang='lat' dir='ltr'>sylla-</span> 
     </span>
     <span class='ocr_line' id='line_1_21' title="bbox 116 2913 1290 2998; baseline 0 -20"><span class='ocrx_word' id='word_1_183' title='bbox 116 2921 222 2978; x_wconf 88' lang='lat' dir='ltr'>barum</span> <span class='ocrx_word' id='word_1_184' title='bbox 244 2920 318 2978; x_wconf 91' lang='lat' dir='ltr'>satis</span> <span class='ocrx_word' id='word_1_185' title='bbox 340 2923 441 2996; x_wconf 91' lang='lat' dir='ltr'>potest</span> <span class='ocrx_word' id='word_1_186' title='bbox 462 2920 588 2998; x_wconf 81' lang='lat' dir='ltr'>percipi,</span> <span class='ocrx_word' id='word_1_187' title='bbox 616 2923 653 2978; x_wconf 94' lang='lat' dir='ltr'>ut</span> <span class='ocrx_word' id='word_1_188' title='bbox 676 2914 756 2979; x_wconf 71' lang='lat' dir='ltr'>‘noli</span> <span class='ocrx_word' id='word_1_189' title='bbox 778 2920 820 2978; x_wconf 91' lang='lat' dir='ltr'>mi</span> <span class='ocrx_word' id='word_1_190' title='bbox 842 2913 964 2979; x_wconf 74' lang='lat' dir='ltr'>nocere’</span> <span class='ocrx_word' id='word_1_191' title='bbox 989 2922 1020 2978; x_wconf 90' lang='lat' dir='ltr'>et</span> <span class='ocrx_word' id='word_1_192' title='bbox 1043 2913 1159 2978; x_wconf 73' lang='lat' dir='ltr'>‘lucam</span> <span class='ocrx_word' id='word_1_193' title='bbox 1181 2920 1290 2978; x_wconf 87' lang='lat' dir='ltr'>bouem</span> 
     </span>
     <span class='ocr_line' id='line_1_22' title="bbox 115 3005 258 3069; baseline 0 -1"><span class='ocrx_word' id='word_1_194' title='bbox 115 3005 258 3069; x_wconf 65' lang='grc' dir='ltr'>11611616Ι</span> 
     </span>
    </p>

    <p class='ocr_par' dir='ltr' id='par_1_3' title="bbox 117 3097 1291 3530">
     <span class='ocr_line' id='line_1_23' title="bbox 205 3097 1291 3177; baseline -0.001 -21"><span class='ocrx_word' id='word_1_195' title='bbox 205 3098 270 3156; x_wconf 85' lang='grc'><strong>1616</strong></span> <span class='ocrx_word' id='word_1_196' title='bbox 293 3119 378 3177; x_wconf 89' lang='grc'><strong>6616,</strong></span> <span class='ocrx_word' id='word_1_197' title='bbox 405 3101 442 3156; x_wconf 90' lang='lat' dir='ltr'>ut</span> <span class='ocrx_word' id='word_1_198' title='bbox 470 3099 543 3176; x_wconf 85' lang='lat' dir='ltr'>dixi,</span> <span class='ocrx_word' id='word_1_199' title='bbox 571 3099 603 3157; x_wconf 94' lang='lat' dir='ltr'>in</span> <span class='ocrx_word' id='word_1_200' title='bbox 630 3098 730 3158; x_wconf 90' lang='lat' dir='ltr'>uerbis</span> <span class='ocrx_word' id='word_1_201' title='bbox 756 3098 846 3157; x_wconf 86' lang='lat' dir='ltr'>ualde</span> <span class='ocrx_word' id='word_1_202' title='bbox 874 3097 1041 3157; x_wconf 90' lang='lat' dir='ltr'>coniunctis</span> <span class='ocrx_word' id='word_1_203' title='bbox 1069 3099 1218 3157; x_wconf 89' lang='lat' dir='ltr'>sententia</span> <span class='ocrx_word' id='word_1_204' title='bbox 1245 3101 1291 3156; x_wconf 89' lang='lat' dir='ltr'>est</span> 
     </span>
     <span class='ocr_line' id='line_1_24' title="bbox 117 3187 1289 3264; baseline 0.002 -19"><span class='ocrx_word' id='word_1_205' title='bbox 117 3189 172 3246; x_wconf 92' lang='lat' dir='ltr'>hoc</span> <span class='ocrx_word' id='word_1_206' title='bbox 196 3189 276 3263; x_wconf 89' lang='lat' dir='ltr'>quod</span> <span class='ocrx_word' id='word_1_207' title='bbox 300 3188 479 3264; x_wconf 90' lang='lat' dir='ltr'>quaerimus.</span> <span class='ocrx_word' id='word_1_208' title='bbox 508 3189 577 3246; x_wconf 86' lang='lat' dir='ltr'>sed</span> <span class='ocrx_word' id='word_1_209' title='bbox 605 3188 680 3246; x_wconf 88' lang='lat' dir='ltr'>nihil</span> <span class='ocrx_word' id='word_1_210' title='bbox 708 3188 746 3246; x_wconf 87' lang='lat' dir='ltr'>ad</span> <span class='ocrx_word' id='word_1_211' title='bbox 775 3188 831 3247; x_wconf 92' lang='lat' dir='ltr'>hoc</span> <span class='ocrx_word' id='word_1_212' title='bbox 857 3187 949 3246; x_wconf 87' lang='lat' dir='ltr'>refert</span> <span class='ocrx_word' id='word_1_213' title='bbox 975 3187 1103 3246; x_wconf 91' lang='lat' dir='ltr'>uerbum</span> <span class='ocrx_word' id='word_1_214' title='bbox 1130 3189 1222 3247; x_wconf 90' lang='lat' dir='ltr'>uerbo</span> <span class='ocrx_word' id='word_1_215' title='bbox 1246 3208 1289 3247; x_wconf 90' lang='lat' dir='ltr'>re-</span> 
     </span>
     <span class='ocr_line' id='line_1_25' title="bbox 117 3271 1289 3354; baseline 0 -20"><span class='ocrx_word' id='word_1_216' title='bbox 117 3281 208 3354; x_wconf 89' lang='lat' dir='ltr'>gatur</span> <span class='ocrx_word' id='word_1_217' title='bbox 232 3296 270 3335; x_wconf 93' lang='grc'>66</span> <span class='ocrx_word' id='word_1_218' title='bbox 293 3277 386 3335; x_wconf 85' lang='lat' dir='ltr'>uerba</span> <span class='ocrx_word' id='word_1_219' title='bbox 414 3277 634 3337; x_wconf 89' lang='lat' dir='ltr'>constructione</span> <span class='ocrx_word' id='word_1_220' title='bbox 658 3277 719 3334; x_wconf 92' lang='lat' dir='ltr'>sint</span> <span class='ocrx_word' id='word_1_221' title='bbox 742 3276 834 3351; x_wconf 89' lang='lat' dir='ltr'>paria.</span> <span class='ocrx_word' id='word_1_222' title='bbox 881 3276 985 3352; x_wconf 89' lang='lat' dir='ltr'>itaque</span> <span class='ocrx_word' id='word_1_223' title='bbox 1010 3271 1142 3336; x_wconf 75' lang='lat' dir='ltr'>‘noxam</span> <span class='ocrx_word' id='word_1_224' title='bbox 1164 3271 1289 3337; x_wconf 88' lang='lat' dir='ltr'>nocere’</span> 
     </span>
     <span class='ocr_line' id='line_1_26' title="bbox 117 3361 1290 3444; baseline 0 -21"><span class='ocrx_word' id='word_1_225' title='bbox 117 3371 180 3424; x_wconf 91' lang='lat' dir='ltr'>tam</span> <span class='ocrx_word' id='word_1_226' title='bbox 204 3369 249 3424; x_wconf 91' lang='grc'>661</span> <span class='ocrx_word' id='word_1_227' title='bbox 272 3367 502 3425; x_wconf 90' lang='lat' dir='ltr'>homoeoarcton</span> <span class='ocrx_word' id='word_1_228' title='bbox 526 3385 617 3442; x_wconf 90' lang='lat' dir='ltr'>quam</span> <span class='ocrx_word' id='word_1_229' title='bbox 640 3361 770 3425; x_wconf 73' lang='lat' dir='ltr'>‘nocens</span> <span class='ocrx_word' id='word_1_230' title='bbox 794 3369 848 3423; x_wconf 85' lang='lat' dir='ltr'>aut</span> <span class='ocrx_word' id='word_1_231' title='bbox 872 3361 1027 3444; x_wconf 80' lang='lat' dir='ltr'>noxium’,</span> <span class='ocrx_word' id='word_1_232' title='bbox 1057 3367 1137 3442; x_wconf 89' lang='lat' dir='ltr'>quod</span> <span class='ocrx_word' id='word_1_233' title='bbox 1153 3386 1290 3425; x_wconf 72' lang='lat' dir='ltr'>‘comme-</span> 
     </span>
     <span class='ocr_line' id='line_1_27' title="bbox 118 3448 941 3530; baseline 0.001 -18"><span class='ocrx_word' id='word_1_234' title='bbox 118 3459 215 3513; x_wconf 87' lang='lat' dir='ltr'>morat</span> <span class='ocrx_word' id='word_1_235' title='bbox 239 3455 431 3514; x_wconf 86' lang='lat' dir='ltr'>Woelfflinus</span> <span class='ocrx_word' id='word_1_236' title='bbox 455 3450 513 3514; x_wconf 72' lang='lat' dir='ltr'>‘dic</span> <span class='ocrx_word' id='word_1_237' title='bbox 537 3457 650 3514; x_wconf 81' lang='lat' dir='ltr'>cllittcr.</span> <span class='ocrx_word' id='word_1_238' title='bbox 676 3448 823 3513; x_wconf 64' lang='lat' dir='ltr'>Verbiud?</span> <span class='ocrx_word' id='word_1_239' title='bbox 846 3475 874 3530; x_wconf 90' lang='lat' dir='ltr'>p.</span> <span class='ocrx_word' id='word_1_240' title='bbox 892 3458 941 3513; x_wconf 83' lang='lat'>71.</span> 
     </span>
    </p>

    <p class='ocr_par' dir='ltr' id='par_1_4' title="bbox 79 3543 1292 3890">
     <span class='ocr_line' id='line_1_28' title="bbox 209 3543 1292 3622; baseline -0.002 -20"><span class='ocrx_word' id='word_1_241' title='bbox 209 3543 416 3621; x_wconf 79' lang='lat' dir='ltr'>Quamobrem</span> <span class='ocrx_word' id='word_1_242' title='bbox 440 3545 466 3601; x_wconf 90' lang='lat' dir='ltr'>si</span> <span class='ocrx_word' id='word_1_243' title='bbox 488 3545 699 3603; x_wconf 91' lang='lat' dir='ltr'>homoeoarcta</span> <span class='ocrx_word' id='word_1_244' title='bbox 722 3547 801 3622; x_wconf 90' lang='lat' dir='ltr'>sunt,</span> <span class='ocrx_word' id='word_1_245' title='bbox 829 3544 884 3602; x_wconf 92' lang='lat' dir='ltr'>hoc</span> <span class='ocrx_word' id='word_1_246' title='bbox 908 3544 973 3603; x_wconf 92' lang='lat' dir='ltr'>loco</span> <span class='ocrx_word' id='word_1_247' title='bbox 997 3543 1119 3602; x_wconf 85' lang='lat' dir='ltr'>afferam</span> <span class='ocrx_word' id='word_1_248' title='bbox 1142 3543 1233 3601; x_wconf 90' lang='lat' dir='ltr'>etiam</span> <span class='ocrx_word' id='word_1_249' title='bbox 1256 3562 1292 3600; x_wconf 88' lang='lat' dir='ltr'>ea</span> 
     </span>
     <span class='ocr_line' id='line_1_29' title="bbox 118 3625 1292 3711; baseline -0.002 -21"><span class='ocrx_word' id='word_1_250' title='bbox 118 3653 194 3708; x_wconf 86' lang='lat' dir='ltr'>quac</span> <span class='ocrx_word' id='word_1_251' title='bbox 218 3633 329 3692; x_wconf 90' lang='lat' dir='ltr'>habent</span> <span class='ocrx_word' id='word_1_252' title='bbox 351 3633 480 3711; x_wconf 87' lang='lat' dir='ltr'>figuram</span> <span class='ocrx_word' id='word_1_253' title='bbox 503 3633 741 3711; x_wconf 78' lang='lat' dir='ltr'>etymologicam,</span> <span class='ocrx_word' id='word_1_254' title='bbox 764 3636 801 3690; x_wconf 92' lang='lat' dir='ltr'>ut</span> <span class='ocrx_word' id='word_1_255' title='bbox 824 3628 927 3691; x_wconf 62' lang='grc' dir='ltr'>ε(1666</span> <span class='ocrx_word' id='word_1_256' title='bbox 951 3635 1076 3691; x_wconf 86' lang='lat' dir='ltr'>danunt</span> <span class='ocrx_word' id='word_1_257' title='bbox 1098 3625 1237 3707; x_wconf 76' lang='lat' dir='ltr'>Herclei&#39;3</span> <span class='ocrx_word' id='word_1_258' title='bbox 1260 3634 1292 3688; x_wconf 89' lang='grc'>61</span> 
     </span>
     <span class='ocr_line' id='line_1_30' title="bbox 117 3713 1290 3800; baseline 0 -22"><span class='ocrx_word' id='word_1_259' title='bbox 117 3741 194 3797; x_wconf 88' lang='lat' dir='ltr'>quae</span> <span class='ocrx_word' id='word_1_260' title='bbox 218 3723 405 3800; x_wconf 83' lang='lat' dir='ltr'>polyptoton,</span> <span class='ocrx_word' id='word_1_261' title='bbox 429 3725 465 3780; x_wconf 92' lang='lat' dir='ltr'>ut</span> <span class='ocrx_word' id='word_1_262' title='bbox 488 3716 609 3793; x_wconf 63' lang='lat' dir='ltr'>Tubu,</span> <span class='ocrx_word' id='word_1_263' title='bbox 632 3725 816 3799; x_wconf 85' lang='lat' dir='ltr'>prognatum</span> <span class='ocrx_word' id='word_1_264' title='bbox 838 3725 966 3799; x_wconf 86' lang='lat' dir='ltr'>Publio,</span> <span class='ocrx_word' id='word_1_265' title='bbox 990 3713 1129 3796; x_wconf 78' lang='lat' dir='ltr'>Corneli&#39;3</span> <span class='ocrx_word' id='word_1_266' title='bbox 1159 3724 1190 3778; x_wconf 91' lang='lat' dir='ltr'>et</span> <span class='ocrx_word' id='word_1_267' title='bbox 1213 3739 1290 3795; x_wconf 89' lang='lat' dir='ltr'>quae</span> 
     </span>
     <span class='ocr_line' id='line_1_31' title="bbox 79 3803 1186 3890; baseline 0 -22"><span class='ocrx_word' id='word_1_268' title='bbox 79 3827 83 3833; x_wconf 83' lang='lat'><strong>·</strong></span> <span class='ocrx_word' id='word_1_269' title='bbox 116 3809 316 3890; x_wconf 72' lang='grc' dir='ltr'>παρηγμένον,</span> <span class='ocrx_word' id='word_1_270' title='bbox 339 3814 375 3869; x_wconf 88' lang='grc'>61</span> <span class='ocrx_word' id='word_1_271' title='bbox 398 3806 516 3887; x_wconf 80' lang='lat' dir='ltr'>‘parens</span> <span class='ocrx_word' id='word_1_272' title='bbox 539 3811 647 3869; x_wconf 91' lang='lat' dir='ltr'>timens</span> <span class='ocrx_word' id='word_1_273' title='bbox 671 3811 736 3870; x_wconf 89' lang='lat' dir='ltr'>heic</span> <span class='ocrx_word' id='word_1_274' title='bbox 759 3811 861 3887; x_wconf 92' lang='lat' dir='ltr'>uouit,</span> <span class='ocrx_word' id='word_1_275' title='bbox 884 3813 963 3869; x_wconf 92' lang='lat' dir='ltr'>uoto</span> <span class='ocrx_word' id='word_1_276' title='bbox 987 3810 1043 3870; x_wconf 92' lang='lat' dir='ltr'>hoc</span> <span class='ocrx_word' id='word_1_277' title='bbox 1067 3803 1186 3868; x_wconf 90' lang='lat' dir='ltr'>soluto’.</span> 
     </span>
    </p>

    <p class='ocr_par' dir='ltr' id='par_1_5' title="bbox 119 3899 1290 4156">
     <span class='ocr_line' id='line_1_32' title="bbox 206 3899 1272 3978; baseline -0.003 -20"><span class='ocrx_word' id='word_1_278' title='bbox 206 3901 287 3959; x_wconf 86' lang='lat' dir='ltr'>Haec</span> <span class='ocrx_word' id='word_1_279' title='bbox 310 3900 406 3978; x_wconf 90' lang='lat' dir='ltr'>igitur</span> <span class='ocrx_word' id='word_1_280' title='bbox 428 3900 531 3958; x_wconf 87' lang='lat' dir='ltr'>inueni</span> <span class='ocrx_word' id='word_1_281' title='bbox 554 3901 585 3958; x_wconf 91' lang='lat' dir='ltr'>in</span> <span class='ocrx_word' id='word_1_282' title='bbox 608 3900 745 3958; x_wconf 89' lang='lat' dir='ltr'>uersibus</span> <span class='ocrx_word' id='word_1_283' title='bbox 766 3899 915 3958; x_wconf 82' lang='lat' dir='ltr'>Saturniis</span> <span class='ocrx_word' id='word_1_284' title='bbox 939 3900 1156 3958; x_wconf 86' lang='lat' dir='ltr'>homoeoarcta.</span> <span class='ocrx_word' id='word_1_285' title='bbox 1270 3901 1272 3911; x_wconf 65' lang='lat'><strong><em>⁴</em></strong></span> 
     </span>
     <span class='ocr_line' id='line_1_33' title="bbox 119 3979 1245 4071; baseline -0.003 -24"><span class='ocrx_word' id='word_1_286' title='bbox 119 3989 214 4047; x_wconf 84' lang='lat' dir='ltr'>Carm.</span> <span class='ocrx_word' id='word_1_287' title='bbox 240 3989 299 4047; x_wconf 82' lang='lat' dir='ltr'>Sal.</span> <span class='ocrx_word' id='word_1_288' title='bbox 321 3991 348 4047; x_wconf 78' lang='lat'>2.</span> <span class='ocrx_word' id='word_1_289' title='bbox 381 3981 522 4071; x_wconf 82' lang='lat' dir='ltr'>Vero(m)</span> <span class='ocrx_word' id='word_1_290' title='bbox 548 3984 597 4048; x_wconf 76' lang='lat' dir='ltr'>‘ad</span> <span class='ocrx_word' id='word_1_291' title='bbox 619 3990 726 4064; x_wconf 78' lang='lat' dir='ltr'>patula</span> <span class='ocrx_word' id='word_1_292' title='bbox 750 4001 859 4048; x_wconf 86' lang='lat' dir='ltr'>coemis</span> <span class='ocrx_word' id='word_1_293' title='bbox 883 4006 913 4046; x_wconf 92' lang='grc'>66</span> <span class='ocrx_word' id='word_1_294' title='bbox 935 3984 938 4064; x_wconf 72' lang='lat' dir='ltr'>l</span> <span class='ocrx_word' id='word_1_295' title='bbox 960 3989 1077 4065; x_wconf 79' lang='grc'><strong>1166116,</strong></span> <span class='ocrx_word' id='word_1_296' title='bbox 1099 3979 1245 4067; x_wconf 74' lang='grc'><strong>11666’.’)</strong></span> 
     </span>
     <span class='ocr_line' id='line_1_34' title="bbox 119 4068 1290 4156; baseline 0 -21"><span class='ocrx_word' id='word_1_297' title='bbox 119 4078 215 4136; x_wconf 71' lang='grc'><strong>06161.</strong></span> <span class='ocrx_word' id='word_1_298' title='bbox 239 4078 408 4137; x_wconf 88' lang='lat' dir='ltr'>deuotionis</span> <span class='ocrx_word' id='word_1_299' title='bbox 431 4079 579 4138; x_wconf 90' lang='lat' dir='ltr'>Decianae</span> <span class='ocrx_word' id='word_1_300' title='bbox 603 4078 669 4136; x_wconf 90' lang='lat' dir='ltr'>Liu.</span> <span class='ocrx_word' id='word_1_301' title='bbox 684 4079 758 4136; x_wconf 82' lang='lat' dir='ltr'>VIII</span> <span class='ocrx_word' id='word_1_302' title='bbox 779 4082 806 4137; x_wconf 80' lang='lat'>9.</span> <span class='ocrx_word' id='word_1_303' title='bbox 823 4082 851 4154; x_wconf 82' lang='lat'>7,</span> <span class='ocrx_word' id='word_1_304' title='bbox 874 4077 909 4134; x_wconf 93' lang='lat' dir='ltr'>V.</span> <span class='ocrx_word' id='word_1_305' title='bbox 933 4077 969 4134; x_wconf 92' lang='lat' dir='ltr'>It.</span> <span class='ocrx_word' id='word_1_306' title='bbox 995 4080 1055 4134; x_wconf 88' lang='lat' dir='ltr'>ant.</span> <span class='ocrx_word' id='word_1_307' title='bbox 1076 4078 1163 4150; x_wconf 71' lang='grc'>631</span> <span class='ocrx_word' id='word_1_308' title='bbox 1184 4095 1213 4133; x_wconf 93' lang='grc'>11.</span> <span class='ocrx_word' id='word_1_309' title='bbox 1230 4079 1256 4135; x_wconf 86' lang='grc'>5.</span> <span class='ocrx_word' id='word_1_310' title='bbox 1264 4068 1290 4156; x_wconf 75' lang='grc'>2)</span> 
     </span>
    </p>

    <p class='ocr_par' dir='ltr' id='par_1_6' title="bbox 185 4157 955 4244">
     <span class='ocr_line' id='line_1_35' title="bbox 185 4157 955 4244; baseline -0.003 -19"><span class='ocrx_word' id='word_1_311' title='bbox 185 4167 246 4225; x_wconf 80' lang='lat' dir='ltr'>Vos</span> <span class='ocrx_word' id='word_1_312' title='bbox 269 4168 374 4243; x_wconf 79' lang='lat' dir='ltr'>precor</span> <span class='ocrx_word' id='word_1_313' title='bbox 395 4169 532 4227; x_wconf 78' lang='lat' dir='ltr'>ueneror</span> <span class='ocrx_word' id='word_1_314' title='bbox 553 4164 556 4244; x_wconf 73' lang='grc'>1</span> <span class='ocrx_word' id='word_1_315' title='bbox 577 4167 708 4226; x_wconf 78' lang='lat' dir='ltr'>ueniam</span> <span class='ocrx_word' id='word_1_316' title='bbox 731 4157 801 4242; x_wconf 80' lang='lat' dir='ltr'>peto</span> <span class='ocrx_word' id='word_1_317' title='bbox 824 4167 955 4241; x_wconf 78' lang='lat' dir='ltr'>fertque.</span> 
     </span>
    </p>
   </div>
   <div class='ocr_carea' id='block_1_2' title="bbox 119 4350 1291 4494">
    <p class='ocr_par' dir='ltr' id='par_1_7' title="bbox 119 4350 1291 4494">
     <span class='ocr_line' id='line_1_36' title="bbox 209 4350 1291 4422; baseline -0.002 -16"><span class='ocrx_word' id='word_1_318' title='bbox 209 4356 234 4422; x_wconf 91' lang='lat'>1)</span> <span class='ocrx_word' id='word_1_319' title='bbox 253 4353 628 4408; x_wconf 86' lang='grc'><strong>666161666-166611616666</strong></span> <span class='ocrx_word' id='word_1_320' title='bbox 647 4355 704 4407; x_wconf 80' lang='lat' dir='ltr'>cod.</span> <span class='ocrx_word' id='word_1_321' title='bbox 721 4353 801 4407; x_wconf 82' lang='lat' dir='ltr'>Flor.</span> <span class='ocrx_word' id='word_1_322' title='bbox 823 4353 901 4407; x_wconf 78' lang='lat' dir='ltr'>Varr.</span> <span class='ocrx_word' id='word_1_323' title='bbox 917 4353 934 4404; x_wconf 89' lang='grc'>1.</span> <span class='ocrx_word' id='word_1_324' title='bbox 946 4353 962 4404; x_wconf 90' lang='grc'>1.</span> <span class='ocrx_word' id='word_1_325' title='bbox 980 4351 1040 4405; x_wconf 89' lang='lat' dir='ltr'>VII</span> <span class='ocrx_word' id='word_1_326' title='bbox 1052 4355 1098 4405; x_wconf 79' lang='lat'>26.</span> <span class='ocrx_word' id='word_1_327' title='bbox 1114 4382 1148 4388; x_wconf 96' lang='lat'>-</span> <span class='ocrx_word' id='word_1_328' title='bbox 1167 4354 1195 4419; x_wconf 82' lang='grc'>2)</span> <span class='ocrx_word' id='word_1_329' title='bbox 1209 4350 1242 4404; x_wconf 94' lang='lat' dir='ltr'>V.</span> <span class='ocrx_word' id='word_1_330' title='bbox 1258 4351 1291 4404; x_wconf 88' lang='lat' dir='ltr'>lt.</span> 
     </span>
     <span class='ocr_line' id='line_1_37' title="bbox 119 4424 913 4494; baseline 0.001 -17"><span class='ocrx_word' id='word_1_331' title='bbox 119 4426 178 4478; x_wconf 85' lang='grc'><strong>6111.</strong></span> <span class='ocrx_word' id='word_1_332' title='bbox 199 4452 231 4470; x_wconf 88' lang='lat'>=</span> <span class='ocrx_word' id='word_1_333' title='bbox 250 4425 354 4479; x_wconf 85' lang='lat' dir='ltr'>Versus</span> <span class='ocrx_word' id='word_1_334' title='bbox 373 4425 466 4479; x_wconf 88' lang='lat' dir='ltr'>Italici</span> <span class='ocrx_word' id='word_1_335' title='bbox 485 4425 595 4494; x_wconf 91' lang='lat' dir='ltr'>antiqui</span> <span class='ocrx_word' id='word_1_336' title='bbox 614 4424 684 4478; x_wconf 86' lang='lat' dir='ltr'>editi</span> <span class='ocrx_word' id='word_1_337' title='bbox 702 4425 817 4478; x_wconf 87' lang='lat' dir='ltr'>Lundae</span> <span class='ocrx_word' id='word_1_338' title='bbox 837 4428 913 4478; x_wconf 79' lang='lat'>1890.</span> 
     </span>
    </p>
   </div>
   <div class='ocr_carea' id='block_1_3' title="bbox 176 4515 1079 4567">
    <p class='ocr_par' dir='ltr' id='par_1_8' title="bbox 176 4515 1079 4567">
     <span class='ocr_line' id='line_1_38' title="bbox 176 4515 1079 4567; baseline -0.002 -3"><span class='ocrx_word' id='word_1_339' title='bbox 176 4524 298 4565; x_wconf 77' lang='lat' dir='ltr'>comment.</span> <span class='ocrx_word' id='word_1_340' title='bbox 311 4524 502 4567; x_wconf 73' lang='lat' dir='ltr'>Woelffllnisuas.</span> <span class='ocrx_word' id='word_1_341' title='bbox 1047 4515 1079 4563; x_wconf 83' lang='lat'>16</span> 
     </span>
    </p>
   </div>
   <div class='ocr_carea' id='block_1_4' title="bbox 0 0 1504 5002">
    <p class='ocr_par' dir='ltr' id='par_1_9' title="bbox 0 0 1504 5002">
     <span class='ocr_line' id='line_1_39' title="bbox 0 0 1504 5002; baseline 0 0"><span class='ocrx_word' id='word_1_342' title='bbox 0 0 1504 5002; x_wconf 95' lang='lat' dir='ltr'> </span> 
     </span>
    </p>
   </div>
  </div>
 </body>
</html>
