2986 5002
189 1339 277 1397 Hune
304 1339 427 1416 librum,
459 1339 511 1415 qui
540 1339 611 1398 olim
638 1340 772 1417 Ingrami
799 1340 941 1416 Bywater
967 1341 1079 1417 fuerat,
1109 1341 1273 1416 bibliopola

101 1426 276 1486 Oxoniensis
307 1448 375 1487 cum
405 1428 479 1485 mihi
507 1447 585 1488 anno
616 1431 699 1488 1889
731 1430 927 1506 uendidisset,
957 1430 1091 1488 intellexi
1121 1431 1273 1506 adscripta

99 1518 247 1591 quaedam
271 1519 378 1576 habere
402 1517 432 1574 in
456 1536 508 1576 ora
529 1518 598 1576 libri
617 1519 739 1577 secundi
759 1539 836 1594 quae
859 1519 971 1594 partim
995 1519 1136 1596 Scaliger,
1159 1520 1271 1595 partim

96 1607 260 1683 BentleiuS,
285 1609 335 1665 sed
354 1611 390 1664 ut
407 1607 530 1665 uidetur
547 1608 705 1684 posteriue,
729 1608 928 1666 diuinassent:
952 1612 1106 1683 praeterea
1125 1609 1270 1666 nonnulla

97 1715 174 1770 quae
204 1697 284 1771 apud
313 1697 367 1754 hos
396 1696 517 1771 quidem
546 1716 605 1755 non
634 1700 851 1774 comparerent,
882 1701 980 1755 essent
1010 1701 1110 1755 tamen
1142 1698 1270 1757 alicuius

96 1785 183 1859 preti.
229 1786 311 1843 Haec
335 1785 435 1844 omnia
459 1785 501 1844 sio
524 1788 560 1842 ut
583 1786 707 1844 suntin
731 1786 806 1845 libro
831 1787 915 1845 edere
939 1787 1091 1846 constitui.
1160 1824 1162 1829 .

185 1874 276 1933 Initio
300 1874 369 1931 libri
391 1874 464 1932 haee
487 1874 631 1950 impressa
655 1878 725 1933 sunt

255 1983 352 2023 neam
375 1983 497 2022 unurnu
519 1960 708 2023 nsrnonourl

257 2071 318 2111 oon
341 2073 383 2110 nn
408 2071 569 2112 cnasennu
593 2050 689 2113 Avovl

255 2160 336 2201 srvu
359 2161 495 2201 nov1ran
519 2161 557 2201 Ao
583 2162 616 2200 n1

254 2248 472 2290 nrunnrrssmn
496 2251 579 2291 nunu

342 2339 451 2380 nrrvu

183 2410 264 2467 Haec
287 2410 317 2466 in
340 2409 397 2468 fine

252 2500 345 2556 Marci
369 2499 486 2556 Manilii
510 2500 716 2559 mathematici
738 2500 968 2559 Astronomicon
992 2499 1058 2558 finit
1081 2501 1161 2558 felici

294 2592 346 2646 ter.
384 2589 565 2664 Impressum
579 2590 691 2648 Rornae
710 2610 763 2665 per
781 2589 961 2666 magistrum
980 2576 1130 2648 Iacobum'

377 2678 531 2737 Mazochiu
554 2679 607 2737 Ro.
633 2678 811 2737 achademiae
836 2678 1036 2753 Bibliopolam

411 2768 498 2826 Anno
523 2768 630 2825 salutis
654 2768 742 2826 udx.
766 2768 899 2844 Regnate
923 2767 993 2826 diuo

482 2857 560 2915 lulio
585 2857 720 2916 Secundo
744 2857 829 2915 Pont.
854 2856 930 2914 Max.

577 2961 581 2970 ·
613 2946 700 3004 Anno
734 2946 798 3003 eius

684 3055 724 3094 vn

181 3125 228 3180 Ad
252 3145 280 3182 u.
304 3128 363 3182 211
391 3123 420 3180 in
446 3124 567 3181 sinistra

251 3214 413 3291 agittarius

339 3323 373 3361 eo

325 3392 383 3450 ries

312 3481 386 3539 isoes

301 3580 367 3629 acer

285 3660 403 3735 corpius

178 3749 334 3806 Abscissae
354 3752 425 3825 sunt
444 3749 548 3806 literae
567 3748 699 3807 initiales
716 3769 776 3825 quo
796 3753 929 3826 ternpore
949 3750 1024 3808 liber
1042 3753 1164 3825 accepto
1183 3769 1262 3810 nouo

221 3842 395 3915 tegumento
415 3838 668 3896 circumcidendus
688 3842 760 3897 erat.
799 3839 884 3909 Quod
908 3842 1117 3917 tegumentum
1138 3859 1207 3898 curn
1226 3861 1261 3898 ne

221 3928 320 4002 ipsum
348 3928 469 4004 quidem
496 3929 592 3985 multo
620 3932 688 4003 post
711 3928 799 3986 finem
823 3929 934 3986 saeculi
957 3929 1028 3986 xv]
1052 3921 1154 4010 (1600
1173 3949 1200 3987 Α.
1216 3921 1262 4009 n.)

222 4017 386 4092 accesserit,
410 4020 498 4075 notae
521 4017 591 4075 illae
616 4018 783 4093 adscriptae
807 4018 885 4076 inter
906 4037 999 4076 annos
1021 4022 1105 4076 1510
1125 4021 1155 4075 et
1176 4022 1261 4078 1600

221 4107 406 4183 colliguntur
428 4106 528 4164 fuisse.

83 4198 121 4255 ad
149 4193 227 4270 287]
254 4216 295 4253 Αυ
321 4215 403 4261 ouen
428 4213 561 4255 oronnae
836 4215 876 4279 nr
901 4193 1008 4261 ononi
1032 4212 1136 4253 mursa

459 4285 557 4342 diuisa
581 4285 659 4342 codd.

81 4378 119 4434 ad
147 4373 224 4448 ⁶295]
251 4393 419 4439 orrannum
444 4373 554 4451 fingere
836 4392 1005 4438 orrannum

458 4465 604 4536 quadratu
628 4463 741 4522 Gembl.
767 4467 797 4520 et
813 4462 953 4521 Vossiani
