2986 5002
195 1210 230 1267 In
245 1209 467 1286 Antiphanis
486 1208 521 1266 fr.
539 1211 579 1268 74
590 1209 625 1266 K.
641 1228 783 1286 magnam
802 1210 943 1267 adferunt
961 1209 1172 1270 difficultatem
1191 1212 1281 1272 verba

105 1319 131 1356 v.
149 1301 166 1356 8
192 1290 256 1356 οἷον
280 1299 334 1359 οὐκ
357 1296 451 1378 ἔγνων
475 1295 552 1368 ἴσως.
589 1298 686 1356 multa
710 1301 897 1373 temptarunt
915 1298 973 1358 viri
993 1299 1073 1359 docti
1091 1300 1122 1357 in
1141 1300 1196 1360 hoc
1215 1302 1280 1362 loco

104 1390 159 1446 aut
181 1388 405 1463 interpretando
425 1391 479 1446 aut
497 1387 689 1464 emendando,
713 1388 764 1445 sed
787 1407 846 1446 non
869 1407 1010 1463 prospero
1029 1391 1146 1448 eventu.
1184 1410 1280 1466 neque

104 1477 266 1536 novissima
295 1477 492 1552 explicatione
520 1495 538 1534 a
565 1475 702 1534 Kaibelio
730 1476 885 1551 proposita
915 1471 1017 1552 ‘quem
1046 1469 1215 1559 (griphum)
1243 1501 1279 1540 ne

103 1567 236 1624 intellexi
255 1560 387 1642 quidem’
407 1567 505 1624 iustus
524 1583 627 1623 sensus
643 1564 778 1624 efficitur.
812 1568 890 1624 certe
909 1566 1017 1624 melius
1036 1567 1094 1624 erit
1111 1567 1167 1626 hoc
1186 1588 1278 1627 enun-

103 1655 212 1713 tiatum
241 1675 295 1730 pro
323 1655 537 1714 exclamatione
569 1654 700 1728 accipere
729 1657 820 1729 atque
849 1654 893 1712 ita
920 1655 1125 1730 interpretari:
1159 1659 1279 1732 qualem

103 1736 272 1824 (griphum)
303 1764 358 1821 ego
388 1745 514 1803 fortasse
544 1762 603 1801 non
634 1743 782 1801 intellexil
820 1743 929 1818 quibus
957 1744 1054 1802 verbis
1084 1745 1278 1824 paedagogus

102 1834 274 1891 etiamnunc
306 1833 407 1892 iocans
439 1831 588 1909 significat
620 1831 676 1889 sibi
709 1831 740 1888 id
772 1833 853 1906 quod
890 1832 1031 1908 griphum
1063 1853 1122 1892 non
1156 1836 1279 1895 solverit

102 1941 243 1998 magnam
265 1922 391 1981 fortasse
416 1921 620 1980 calamitatem
639 1921 812 1978 adlaturum
831 1912 916 1979 esses
940 1921 991 1980 sed
1009 1941 1046 1980 ne
1064 1922 1137 1981 haec
1157 1924 1278 1999 quidem

103 2011 252 2069 sententia
270 2010 343 2069 bene
363 2011 502 2070 convenit
521 2029 589 2069 cum
611 2009 652 2068 eis
673 2028 749 2084 quae
770 2012 919 2068 secuntur.
959 2029 1124 2085 quaecum
1147 2012 1191 2070 ita
1210 2014 1278 2092 sint,

102 2100 169 2158 vide
188 2119 262 2158 num
281 2100 469 2159 scribendum
488 2099 528 2157 sit
546 2090 616 2157 είεν·
640 2096 695 2157 οὐκ
714 2095 808 2176 ἔγνων
828 2097 906 2170 ἴσως.
943 2099 1004 2157 iam
1023 2103 1093 2175 apte
1113 2101 1278 2162 adduntur:

101 2186 197 2247 ἔπειτα
225 2197 311 2248 τοῦτο
339 2190 454 2266 ζημιοῖς
479 2209 526 2264 με;
563 2187 757 2264 paedagogus
785 2188 900 2246 fatetur
928 2207 958 2246 se
985 2207 1135 2267 peccasse,
1164 2191 1215 2250 sed
1243 2212 1277 2252 eo

101 2281 233 2353 tantum,
265 2278 345 2353 quod
376 2278 533 2336 obscuram
563 2279 593 2335 et
623 2276 790 2352 captiosam
816 2277 896 2354 regis
924 2278 1190 2355 interrogationem
1218 2301 1277 2341 non

101 2367 304 2443 intellexisset,
329 2370 421 2442 atque
445 2366 625 2442 etiamnunc,
649 2365 721 2423 dum
740 2364 907 2442 confitetur,
931 2367 1155 2443 tergiversatur.
1202 2369 1278 2429 Lao-

100 2456 247 2514 medontis
281 2463 383 2514 autem
416 2456 507 2515 verba
540 2450 633 2513 ὀπίσω
663 2451 702 2512 τὼ
732 2458 805 2532 χεῖρε
840 2453 1004 2530 ποιήσαντα
1036 2455 1067 2512 in
1099 2477 1125 2515 v.
1153 2460 1192 2516 13
1225 2478 1279 2534 per

101 2544 230 2603 ironiam
260 2545 340 2603 dicta
370 2563 432 2603 esse
464 2544 589 2619 adparet
614 2576 654 2582 -
678 2561 803 2602 revera
831 2543 908 2600 enim
938 2543 1106 2621 paedagogi
1129 2565 1236 2604 manus
1260 2567 1278 2606 a

101 2634 245 2691 ministris
268 2628 337 2709 post
360 2637 480 2712 tergum
503 2633 638 2710 ligantur
657 2664 698 2671 —
718 2632 821 2690 eodem
840 2631 927 2690 modo
947 2651 1007 2706 quo
1027 2629 1119 2692 ἕλκειν
1137 2631 1280 2694 ἀπνευστί

100 2723 133 2780 de
153 2723 333 2797 vapulando.
356 2755 396 2762 —
415 2724 450 2780 fr.
467 2724 507 2781 88
527 2724 612 2796 patet
630 2721 675 2778 ita
693 2723 901 2795 comparatum
920 2739 991 2797 esse,
1006 2724 1042 2779 ut
1060 2722 1146 2799 duae,
1166 2725 1275 2798 quibus

100 2810 263 2886 Cyrenaica
282 2811 388 2870 ceteris
407 2811 494 2870 terris
513 2813 653 2886 praestet,
672 2827 719 2867 res
738 2812 1014 2886 commemorentur,
1038 2811 1227 2886 laserpitium
1246 2818 1276 2872 et

99 2901 182 2976 equi,
214 2904 305 2975 atque
329 2901 386 2977 ita,
417 2903 453 2958 ut
481 2899 585 2958 ambae
609 2898 732 2957 diversis
756 2897 926 2956 nominibus
950 2898 1135 2975 significatae
1160 2919 1276 2977 semper

101 2989 178 3047 inter
201 3008 231 3047 se
256 2992 460 3064 opponantur:
494 2987 595 3058 ἵπποις
623 2987 745 3070 σιλφίῳ,
773 2985 934 3065 συνωρίσιν
956 2991 1070 3070 καυλῷ,
1097 2985 1197 3065 κέλησι
1221 3013 1274 3067 μα-

100 3075 269 3152 σ<πί>τοις
316 3097 409 3153 quam
428 3077 547 3137 obrem
569 3097 623 3152 pro
647 3079 787 3151 corrupto
811 3080 946 3154 πυρετοῖς
970 3076 1189 3136 restituendum
1213 3098 1276 3138 esse

98 3170 172 3241 puto
197 3170 331 3244 πνρροῖς,
355 3186 415 3242 quo
435 3167 516 3225 color
534 3166 620 3241 equis
640 3165 705 3223 eius
728 3165 858 3242 regionis
881 3165 1020 3241 proprius
1043 3166 1201 3226 indicatur.
1239 3189 1276 3227 en

99 3256 189 3313 habes
213 3255 380 3313 membrum
403 3257 491 3331 plane
516 3255 626 3312 simile:
658 3258 782 3332 πυρροῖς
807 3249 878 3336 ὀπῷ.
924 3254 1065 3313 Meinekii
1088 3259 1198 3334 autem,
1223 3257 1275 3332 qui

98 3344 127 3401 in
142 3345 272 3403 editione
287 3345 401 3403 minore
415 3348 522 3422 πυροῖς
538 3343 665 3419 scripsit,
685 3347 716 3402 et
729 3343 844 3420 Koclrii,
865 3343 917 3418 qui
932 3343 1055 3422 πύργοις
1068 3345 1186 3421 maluit,
1207 3365 1275 3404 con-

99 3434 227 3492 iecturas
251 3433 312 3491 iam
335 3437 457 3508 propter
480 3433 639 3509 rationem,
668 3451 745 3507 quae
774 3432 852 3490 inter
879 3432 1000 3509 singula
1028 3433 1161 3491 membra
1184 3433 1273 3492 inter-

99 3522 194 3598 cedit,·
214 3522 285 3580 ferri
309 3542 369 3580 non
392 3540 477 3596 posse
502 3524 617 3580 certum
640 3524 693 3579 est.
741 3521 843 3598 simul,
867 3521 925 3578 nisi
948 3522 1051 3598 fallor,
1075 3522 1196 3599 egregia
1220 3522 1274 3581 Oa·

99 3611 225 3669 sauboni
254 3611 435 3687 emendatio,
469 3610 521 3685 qui
550 3610 630 3685 quod
658 3610 805 3668 traditum
835 3613 880 3668 est
910 3614 1029 3686 μαστοῖς
1059 3611 1090 3668 in
1119 3608 1275 3687 μασπέτοις

99 3700 242 3776 mutavit,
274 3719 309 3757 ea
338 3719 369 3757 re
400 3698 600 3758 confirmatur.
647 3698 766 3758 litterae
794 3718 829 3756 πε
859 3698 939 3756 enim
967 3717 1059 3774 supra
1081 3719 1200 3758 versum
1224 3701 1274 3758 ad-

97 3790 224 3863 scriptae
254 3788 285 3845 in
314 3789 426 3846 falsum
453 3789 553 3847 locum
581 3788 745 3846 translatae
774 3787 833 3846 duo
862 3787 952 3844 simul
975 3787 1063 3864 vitia,
1096 3793 1217 3864 μαστοῖς
1244 3793 1275 3848 et

96 3881 245 3953 πυρετοῖς,
278 3881 480 3951 procrearunt.
516 3909 557 3915 -
590 3876 625 3934 fr.
648 3879 710 3935 134
740 3879 826 3935 ,vab
856 3879 886 3934 et
915 3879 933 3935 6
968 3876 1012 3934 ita
1041 3877 1205 3953 constituo,
1238 3882 1275 3936 ut

96 3967 234 4024 scribam:
260 3964 401 4043 οἰνάριον.
446 3968 478 4023 Β.
504 3955 587 4040 ἦδος,
609 3962 648 4040 νὴ
672 3956 737 4040 Δί’,
761 3964 856 4036 οἰκίας
878 3962 996 4042 τρόπον.
1039 3968 1075 4022 Α.
1099 3974 1162 4037 πῶς
1186 3956 1272 4042 aldem

96 4047 157 4112 οἷον
272 4054 331 4113 duo
360 4055 439 4112 enim
467 4054 665 4112 conlocuntur
691 4054 840 4129 homines,
872 4072 1001 4128 quorum
1028 4072 1120 4131 unus,
1151 4055 1204 4130 qui
1227 4060 1273 4114 est

96 4144 229 4220 cynicus,
263 4143 351 4201 alteri
382 4143 548 4218 simplicem
578 4146 609 4200 et
638 4142 789 4200 salubrem
819 4145 915 4200 sectae
946 4161 1017 4200 suae
1048 4142 1163 4201 victum
1195 4163 1272 4203 com-

96 4233 222 4290 mendat.
261 4233 322 4290 iam
345 4251 414 4290 cum
437 4232 488 4290 ille
514 4232 548 4289 de
572 4231 684 4308 vinulo,
709 4231 790 4306 quod
808 4231 913 4289 bibant
931 4231 1035 4307 cynici,
1059 4231 1150 4290 verba
1171 4232 1272 4309 faciat,

96 4320 140 4379 hic
164 4340 234 4379 eum
257 4320 450 4395 interrumpit
474 4321 573 4378 dicens
597 4320 627 4377 id
650 4339 710 4378 non
733 4312 850 4395 vinum,
878 4319 929 4377 sed
957 4323 1076 4378 acetum
1105 4339 1175 4378 esse.
1223 4322 1272 4380 cui

96 4409 144 4468 ille
173 4409 349 4487 indignatus
377 4409 549 4484 respondet:
583 4408 732 4484 quomodo
761 4411 796 4466 tu
823 4408 915 4468 audes
942 4408 973 4467 id
1001 4410 1121 4468 acetum
1144 4409 1272 4471 vocare?
