2986 5002
620 322 661 330 -
708 284 861 347 264-

244 451 346 508 Etiem
369 471 404 509 ee
428 471 505 526 quae
528 451 672 527 leguntur
694 470 721 523 p.
744 453 830 525 110
857 448 938 506 haud
966 449 1027 507 scio
1051 469 1090 506 en
1114 449 1220 508 ecdem
1243 451 1327 509 modo

155 543 296 614 corrupte
315 539 388 597 sint:
412 535 537 597 ‘fabrice
556 541 601 596 est
619 538 797 596 continuata
815 557 850 596 ac
869 538 942 595 trite
960 557 1019 595 usu
1043 530 1100 618 (sic
1119 557 1190 597 cum
1210 539 1326 598 Schnei-

155 630 224 687 dero
253 627 440 686 scribendum
468 632 525 704 est,
555 645 627 685 *ersus
654 627 750 704 codd,
777 618 869 705 Rosa)
900 626 1069 704 meditatio,
1100 647 1163 702 que
1191 629 1327 686 manibus

154 717 309 795 perficitur
331 737 346 775 e
371 717 497 776 materie
520 717 735 790 cuiuscumque
763 716 880 792 generis
908 734 983 791 opus
1011 720 1057 774 est
1080 717 1119 774 ad
1141 718 1328 792 propositum

154 799 399 866 deformationis'.
445 807 524 863 Nam
556 825 625 864 cum
656 808 735 863 recte
767 805 972 862 Buttmannus
1003 805 1034 862 id
1067 806 1150 881 quod
1182 806 1215 863 in
1247 807 1327 864 libris

155 915 248 954 manu
271 895 388 970 scriptis
411 895 542 952 traditur
565 894 793 968 defenditnrque
817 913 835 950 a
858 893 985 952 Marinio
1009 911 1084 966 quae
1105 896 1328 968 1111111111-

155 988 253 1056 ficitur
285 984 461 1060 emendarit,
498 1003 576 1042 nove
611 983 707 1041 oritur
738 981 914 1040 difficultas:
951 982 1025 1057 quid
1061 983 1142 1041 enim
1178 983 1330 1059 perficitur

156 1071 289 1131 fabrica?
312 1073 463 1130 Nimirum
485 1074 664 1144 deformatio,
688 1072 718 1128 id
738 1075 783 1129 est
801 1090 836 1129 ea
858 1072 955 1146 operis
978 1071 1090 1147 species
1114 1091 1209 1147 qnam
1233 1073 1328 1132 enimc

156 1165 330 1236 conceptam
362 1163 541 1220 architectus
573 1161 653 1236 picto
687 1160 849 1234 exemplari
882 1161 1073 1235 deformavit3
1105 1161 1142 1219 cf.
1167 1183 1197 1237 p.
1223 1166 1257 1240 3,
1278 1167 1329 1222 20:

157 1247 329 1328 ‘graphidos
349 1251 504 1309 scientiam
522 1250 629 1308 hebere
650 1252 768 1324 oportet
787 1249 992 1326 architectum,
1016 1269 1076 1326 quo
1095 1250 1219 1309 facilius
1238 1271 1330 1310 exem·

156 1340 291 1416 pleribus
321 1341 408 1414 pictis
439 1359 530 1414 quem
559 1339 634 1397 velit
666 1338 763 1413 operis
796 1338 923 1413 speciem
955 1338 1122 1398 deformare
1153 1334 1274 1399 veleet'
1304 1343 1331 1399 et

157 1451 184 1505 p.
204 1432 274 1504 102,
292 1431 346 1486 24:
371 1423 426 1486 ‘ita
449 1429 573 1487 idoneae
597 1428 643 1485 his
666 1427 908 1486 institutionibus
932 1427 1165 1502 explicabuntur
1187 1429 1220 1486 in
1244 1429 1330 1488 medi·

130 1510 132 1514 ’
155 1517 321 1576 tationibus
337 1537 457 1576 ararum
472 1509 722 1575 deformationes’.
761 1515 873 1586 Quodsi
892 1517 1021 1593 legimus
1035 1518 1219 1589 deformatio,
1239 1519 1331 1577 altera

156 1607 245 1665 simul
267 1606 386 1664 tollitur
405 1606 535 1682 offensio,
559 1625 629 1662 nam
652 1607 692 1663 od
710 1608 893 1678 propositam
915 1625 975 1664 non
997 1609 1077 1665 recte
1100 1625 1172 1665 cum
1195 1607 1331 1684 genetivo

156 1696 297 1772 coniungi
312 1696 439 1772 videtur,
459 1694 609 1771 significat
627 1694 706 1752 enim
724 1694 814 1752 nach
827 1695 1044 1772 Verlangen,
1062 1696 1154 1755 nach
1168 1697 1331 1771 Wunscb3

157 1786 192 1844 cf.
213 1806 240 1860 p.
258 1788 330 1861 255,
348 1789 388 1842 22
412 1804 481 1843 cum
504 1784 620 1842 faciunt
644 1783 681 1841 ad
704 1782 892 1858 propositum
915 1783 1044 1842 effectus.

251 1873 420 1931 Varronis
447 1893 546 1931 rerum
574 1873 755 1930 rusticarum
778 1872 854 1931 libro
878 1872 1034 1950 Ic.14,1
1060 1873 1135 1932 haec
1158 1875 1332 1933 traduntur:

158 1958 300 2039 ‘primum
330 1963 468 2020 naturale
498 1962 730 2037 saepimentum,
763 1961 845 2036 quod
874 1961 972 2036 opseri
1002 1963 1079 2021 solet
1107 1963 1253 2040 virgultis
1283 1966 1334 2023 eut

158 2052 259 2127 spiniS,
284 2052 365 2126 quod
383 2051 474 2109 hebet
491 2051 605 2109 radices
625 2050 763 2109 11111111
783 2050 880 2125 saepis
903 2051 1123 2126 praetereuntis
1145 2052 1254 2112 lascivi
1277 2073 1332 2112 ncn

157 2143 271 2198 metuet
303 2141 399 2198 fecem
431 2134 603 2198 ardentem’.
656 2140 745 2198 Vicae
777 2141 875 2212 saepis
903 2139 1027 2198 inclusit
1059 2140 1211 2200 Gesnerus
1249 2143 1332 2218 eique

158 2247 296 2287 assensus
320 2232 365 2286 est
388 2228 512 2287 Keilius,
560 2228 617 2286 Sed
640 2248 744 2287 vereor
769 2247 806 2286 ne
832 2227 875 2287 sic
897 2229 991 2288 locus'
1004 2249 1064 2288 non
1087 2232 1221 2290 sanetur.
1268 2232 1333 2290 Non

156 2322 235 2377 recte
259 2317 338 2376 enim
361 2318 586 2395 coniunguntur
609 2317 697 2393 quasi
728 2317 814 2393 paria
841 2317 920 2376 inter
947 2336 978 2377 se
1001 2317 1148 2378 membra:
1179 2320 1333 2378 111111111-

158 2409 235 2466 dices
259 2409 370 2464 11111
392 2411 503 2474 metuet,
528 2409 558 2465 et
581 2407 717 2482 postulat
740 2407 896 2484 sententia,
920 2409 957 2464 ut
979 2425 1071 2466 ceusa
1094 2408 1261 2488 adferatur,
1285 2428 1335 2470 cur

158 2498 231 2554 haec
261 2514 364 2570 saepes
394 2515 453 2555 non
485 2499 603 2554 metuat
631 2497 735 2554 fecem.
789 2495 886 2565 Quare
910 2496 1076 2555 Varronem
1106 2497 1262 2573 scripsisse
1292 2517 1335 2557 er·

159 2586 268 2643 bitror:
292 2578 384 2660 ‘quod
406 2585 497 2643 habet
519 2585 633 2643 radices
657 2605 691 2643 ac
714 2587 782 2642 cira
806 2589 848 2642 est
868 2603 963 2658 saepe,
986 2587 1209 2661 praetereuntis
1232 2587 1336 2647 lascivi

159 2695 218 2733 non
242 2676 356 2732 metuet
378 2674 474 2732 fecem
497 2667 671 2750 ardentem',
695 2673 750 2732 die
774 2673 981 2733 naturliche
1000 2674 1256 2754 Einztuuung,
1280 2677 1334 2736 die

160 2781 223 2821 aus
244 2752 498 2821 Streuchwerk
522 2763 606 2822 oder
623 2763 764 2822 Dornen
788 2763 1024 2840 engepflanzt
1041 2764 1142 2842 wird,
1166 2765 1333 2842 braucht,

157 2851 239 2911 weil
277 2851 326 2909 sie
359 2852 525 2910 Wurzeln
561 2852 624 2909 het
659 2852 730 2909 und
768 2852 846 2910 cine
887 2851 1076 2930 lebendige
1113 2853 1234 2913 Hecke
1272 2855 1333 2931 ist,

159 2941 215 2999 die
251 2941 480 2999 brenneuden
512 2940 668 2999 Feckcln
705 2934 1043 3018 vorsibergehender
1078 2942 1335 3021 iibermritiger
1369 2956 1374 2969 ‘

158 3030 317 3088 Bursche
341 3029 442 3088 nicht
465 3048 506 3087 zu
528 3029 711 3088 furchten.
759 3029 808 3088 Sic
834 3029 927 3088 etiam
954 3030 1113 3106 insequens
1141 3032 1336 3092 enuntiatum

158 3119 232 3177 bene
261 3119 462 3192 respondebit:
496 3111 637 3177 ‘secunda
665 3137 750 3194 saeps
779 3121 825 3177 est
856 3119 982 3196 agrestis
1011 3139 1026 3178 e
1054 3119 1151 3198 ligno,
1182 3123 1243 3180 sed
1268 3139 1338 3180 aon

160 3208 255 3265 11111.
288 3207 454 3282 Postquam
477 3202 558 3266 ‘rive
581 3201 611 3266 δ’
636 3207 711 3265 ebiit
733 3207 764 3264 in
788 3207 883 3285 vivae,
906 3208 977 3267 huic
999 3209 1147 3270 vocabulo
1171 3228 1337 3270 accommo-

162 3296 268 3354 datum
291 3298 336 3352 est
358 3296 525 3371 insequens.
913 3322 916 3327 ·

248 3383 391 3443 Eiusdem
413 3385 482 3442 libri
506 3404 528 3443 c.
550 3388 577 3461 6,
595 3388 612 3443 3
638 3385 719 3460 quod
737 3385 850 3462 legitur
867 3385 899 3442 in
917 3385 1081 3445 codicibus:
1105 3380 1200 3463 ‘quod
1223 3387 1338 3447 leviore

120 3508 122 3512 ·
160 3476 190 3532 et
220 3473 285 3531 ideo
317 3466 495 3532 salubriore'
526 3473 597 3532 olim
626 3473 719 3532 fuisse
751 3474 881 3533 videtur:
910 3475 991 3550 quod
1021 3476 1133 3534 lector
1162 3481 1237 3544 atr,
1270 3477 1337 3536 ideo

161 3562 335 3620 salubriora.

250 3652 537 3724 Philippicarum
564 3649 633 3708 libri
662 3651 786 3709 alterius
814 3649 833 3726 ξ
854 3654 872 3711 8
898 3651 950 3727 qui
974 3653 1146 3728 appellatur
1169 3651 1200 3712 O.
1225 3653 1341 3714 Antoni

163 3740 333 3818 gladiorum
361 3740 499 3816 princeps
522 3739 666 3816 Mustela,
697 3741 757 3798 fuit
784 3740 835 3798 ille
864 3740 985 3816 quidem
1011 3741 1100 3800 homo
1127 3742 1340 3822 nequissimus

162 3833 263 3888 temen
290 3829 405 3888 diutius
433 3828 586 3905 gentilicio
615 3830 734 3888 nomine
762 3849 831 3887 eum
858 3829 993 3887 fraudari
1020 3850 1080 3889 non
1103 3831 1211 3906 patiar.
1259 3832 1340 3892 Nem

163 3938 231 3977 cum
262 3918 333 3976 olim
361 3938 396 3976 ex
425 3917 576 3976 codicibus
604 3917 719 3976 Italicis
749 3919 900 3995 legeretur
928 3922 961 3976 11
986 3919 1114 3978 11111111
1138 3920 1286 3980 Tamtscic
1315 3926 1340 3980 ct

164 4008 266 4064 Tironi
304 4007 439 4065 Nwmisc'c
474 4008 595 4074 ciderio,
633 4005 772 4065 Halmius
808 4007 881 4065 haec
919 3997 1135 4084 ‘cognomirle'
1172 4008 1211 4068 eb
1248 4009 1340 4070 inter·

162 4097 296 4171 polatore
329 4096 464 4171 profecta
496 4114 559 4154 esse
592 4098 677 4153 retus
708 4095 827 4171 scripsit
855 4099 889 4154 et
918 4095 1020 4154 Tironi
1050 4101 1076 4154 et
1101 4097 1249 4158 Mustelae
1277 4101 1340 4158 iam

162 4203 221 4242 csse
244 4185 365 4252 11111111,
399 4185 526 4242 Mueller
556 4185 644 4242 alteri
668 4203 757 4242 suum
786 4184 947 4242 restituens
977 4184 1053 4262 legit
1081 4190 1114 4244 at
1140 4186 1290 4247 Mustelae
1316 4192 1342 4246 et

165 4273 266 4331 Tironi
289 4273 424 4331 Numisio
452 4275 577 4342 videris:
601 4274 651 4331 sed
675 4277 705 4332 et
728 4273 901 4332 concinnius
921 4271 1092 4333 Ciceronem
1115 4272 1254 4335 locutum
1276 4294 1340 4336 esse

164 4362 304 4438 arbitror,
342 4365 372 4420 et
404 4354 547 4439 neglexit
567 4363 695 4420 Mueller
726 4381 756 4420 se
789 4361 819 4418 in
853 4362 986 4421 oratione
1019 4362 1077 4421 XII
1111 4365 1151 4422 14
1183 4363 1341 4424 Halmium

164 4453 300 4510 secutum
328 4451 467 4509 Tironem
504 4454 534 4510 et
561 4451 734 4509 Numisium
765 4450 896 4510 diversos
928 4450 1062 4510 homines
1094 4471 1157 4513 esse
1188 4454 1340 4514 statuisse.
