2986 5002
666 265 906 328 —366—

287 426 309 490 9
315 473 327 509 ,
353 425 388 490 l:
421 449 486 489 eanr
515 431 588 503 forte
619 433 652 488 in
682 431 814 488 liberiore
843 431 972 488 conoioio
1002 431 1150 503 eoninpern
1172 447 1260 488 marn
1282 447 1373 488 raras-

197 524 317 595 pnispnc
346 522 492 587 laniaret,
518 521 634 592 piacait
656 521 788 592 experiri.
839 519 968 592 Itapne
998 521 1078 592 eqais
1107 518 1234 578 Romam
1259 523 1372 591 petant.

198 612 257 670 Pro
280 613 377 683 itapac
396 610 427 667 in
445 607 548 667 ACnr
571 611 616 667 est
634 611 684 666 ita.
722 608 816 684 idque
835 627 869 666 eo
888 607 985 685 magis
1005 610 1051 666 est
1068 607 1267 684 retinendum,
1292 608 1373 684 quod

197 718 251 773 pne
275 703 344 757 ante
369 700 449 771 canis
472 697 678 774 dittographia
701 697 788 755 facile
812 697 913 771 potuit
936 697 1015 755 oriri.
1049 694 1108 754 cfr.
1130 699 1215 774 57,ss
1237 697 1373 755 Tiberine

196 791 308 847 inraoit
330 805 360 846 se
383 805 448 846 earn
470 788 520 844 itio
543 788 575 844 in
599 787 732 844 ensilinni
753 788 878 844 itarnnr:
899 788 951 844 ita
973 804 1041 844 rens
1064 786 1214 844 absolntns
1237 790 1285 844 cst.

289 870 346 952 14,
363 870 401 936 3:
425 876 515 933 Fabii
537 878 570 933 in
592 877 718 933 insidias
741 876 855 948 delapsi
877 876 917 933 ad
939 893 1033 933 menn
1055 876 1198 933 occidione
1211 878 1371 947 perierant.
1431 872 1435 878 ’

201 967 259 1025 Sed
283 983 384 1025 omnes
407 964 476 1022 libri
499 964 610 1022 habent
632 982 740 1037 nspne
763 966 803 1022 aot
825 982 930 1032 nnarn,
955 964 1036 1039 quod
1058 984 1118 1023 non
1141 964 1298 1041 intellego,
1321 983 1374 1022 eur

198 1057 309 1133 Wyga,
340 1073 525 1129 quamquam
552 1053 653 1128 ipsum
679 1054 735 1111 hac
759 1053 794 1112 de
812 1072 844 1111 re
868 1053 1021 1110 dubitasse
1045 1073 1081 1111 ex
1104 1053 1298 1112 adnotatione
1322 1073 1373 1128 ap-

197 1147 291 1221 paret,
315 1143 465 1202 deleverit.
511 1142 581 1201 Alio
606 1162 725 1218 quoque
749 1143 814 1200 loco
838 1142 949 1200 iniuria
972 1142 1003 1200 in
1027 1143 1130 1200 eodem
1152 1141 1242 1202 verbo
1266 1143 1372 1201 haesit.

201 1237 296 1311 77,6
326 1232 405 1290 enim
432 1251 486 1306 pro
518 1234 555 1289 in
582 1231 758 1306 Hprcanrrn
781 1276 859 1289 .....
882 1249 965 1289 mare
993 1249 1085 1304 nsqne
1109 1234 1243 1305 pnoenit
1276 1232 1373 1309 Wyga

198 1325 243 1381 ad
265 1323 440 1396 Hpreannni
464 1365 541 1378 .....
564 1338 656 1392 nsque
678 1321 779 1378 edidit.
826 1321 884 1378 Sed
910 1323 943 1379 in
969 1323 1048 1379 reete
1077 1338 1107 1379 se
1130 1320 1239 1379 habere
1267 1341 1304 1379 ex
1331 1321 1373 1379 eis

199 1411 391 1488 perspicitur,
421 1429 498 1484 quae
527 1409 741 1467 Thielmannus
770 1409 883 1468 archivi
911 1410 969 1467 Tui
991 1410 1050 1469 vol.
1065 1409 1094 1466 V
1115 1429 1184 1487 pag.
1200 1412 1265 1468 474
1276 1428 1319 1485 sq.
1344 1412 1375 1468 et

198 1501 242 1558 VI
264 1519 332 1577 pag.
350 1502 412 1558 103
422 1517 463 1573 sq.
488 1499 633 1573 exposuit.

288 1582 395 1666 24,o
428 1588 519 1646 verba
543 1588 579 1645 -in
607 1588 744 1646 omnibus
772 1588 857 1645 libris
880 1587 993 1645 tradita
1017 1605 1082 1647 carn
1109 1606 1129 1646 a
1150 1591 1279 1646 senata
1305 1605 1374 1662 sap·

192 1681 336 1753 pressisse
370 1677 498 1736 Gallicos
534 1679 683 1736 thesauros
720 1680 932 1750 araneretar
970 1670 1023 1758 (so.
1061 1669 1267 1759 Capitolinus)
1304 1696 1374 1736 cum

199 1768 326 1828 Grutero
355 1768 513 1824 mutantur
540 1765 572 1824 in
602 1784 667 1824 carn
696 1770 856 1825 senatnnr
883 1767 1078 1839 suppressisse
1096 1811 1174 1824 .....
1198 1771 1372 1840 arpneret.

197 1857 263 1915 Hae
277 1875 348 1914 sane
361 1855 478 1914 ratione
493 1855 627 1914 narratio
642 1873 763 1930 prorsus
783 1854 932 1914 consentit
949 1873 1019 1914 eum
1035 1854 1131 1934 Livio,
1150 1855 1204 1931 qui
1220 1859 1248 1933 6,
1266 1858 1316 1933 14,
1333 1859 1370 1913 11
1416 1867 1419 1871 '

198 1947 271 2005 haec
298 1945 402 2004 habet:
430 1946 580 2003 dioscoros
611 1943 720 2002 Gallici
746 1945 815 2002 anri
837 1945 976 2003 occntari
999 1962 1019 2003 a
1035 1945 1175 2017 patribns
1196 1946 1269 2003 iecit.
1316 1944 1374 2003 Sed

200 2035 343 2094 eorrectio
367 2034 433 2108 ipsa
457 2034 538 2092 omni
561 2036 643 2092 caret
665 2033 886 2107 probabilitate.
933 2033 1041 2109 Itaque
1064 2033 1256 2092 vehementer
1273 2033 1373 2111 timeo,

198 2144 235 2182 ne
259 2142 294 2182 ea
316 2123 444 2198 probata
467 2141 527 2181 non
550 2122 689 2181 scribae
714 2122 842 2181 ahcuius
866 2142 948 2181 error
970 2122 1150 2200 corrigatur,
1178 2123 1231 2182 sed
1261 2123 1373 2199 scrip·

198 2212 290 2272 toris
323 2211 425 2287 ipsius.
472 2212 552 2269 Nam
581 2212 629 2271 vel
658 2214 829 2289 auctorum,
858 2230 933 2288 quos
961 2215 1082 2271 secutus
1110 2215 1168 2290 est,
1201 2213 1251 2272 vel
1278 2212 1374 2288 ipsius

199 2301 391 2379 neglegentia
413 2320 473 2359 non
495 2320 563 2359 raro
588 2297 783 2379 estfactum,
810 2303 847 2358 ut
875 2300 948 2360 satis
971 2319 1078 2378 graves
1105 2301 1309 2361 committeret
1330 2321 1374 2361 er-

198 2409 288 2450 rores
334 2389 429 2465 quue
459 2389 571 2468 ipsum,
604 2390 684 2466 quod
713 2390 761 2448 hic
791 2393 933 2448 narratur
962 2390 998 2448 de
1022 2389 1206 2469 Capitolino,
1235 2389 1376 2467 scriptori

200 2480 273 2538 satis
296 2479 437 2538 idoneum
460 2479 555 2537 videri
577 2482 697 2554 poterat
720 2479 758 2537 ad
781 2480 903 2554 culpam
925 2479 1008 2536 illius
1032 2480 1208 2557 augendam

289 2563 348 2644 30,
361 2562 398 2629 2:
413 2569 585 2641 transfnpas
598 2570 685 2636 arisit,
700 2570 751 2640 ani
764 2569 940 2626 Rornanos
954 2570 1124 2627 docerent.
1156 2569 1215 2627 Sed
1230 2568 1374 2645 quoniam

199 2659 231 2716 in
248 2658 277 2715 A
295 2661 340 2716 est
357 2658 507 2716 Rornarns
525 2659 657 2725 dicerent,
676 2657 708 2714 in
727 2658 752 2714 B
771 2657 915 2716 Rornanis
933 2659 1067 2726 dicerent,
1086 2678 1146 2718 non
1164 2657 1261 2736 video,
1284 2656 1375 2717 cura
1471 2706 1475 2714 .

153 2802 157 2809 .
200 2747 327 2806 lectione
350 2748 477 2824 vulgata
500 2746 643 2805 Rornanis
666 2748 792 2805 dicerent
813 2747 994 2805 recedamus.

291 2830 349 2912 37,
366 2828 403 2897 3:
426 2839 460 2894 nt
476 2837 663 2908 praesidinm
685 2853 752 2894 arce
774 2837 967 2894 deduceret.
1013 2836 1071 2895 Pro
1095 2837 1246 2895 detranat
1268 2837 1300 2895 in
1318 2835 1374 2895 Ac

200 2928 298 2984 exstat
328 2927 449 2983 dacaet.
495 2925 590 3000 quue
620 2925 720 3000 ipsum
750 2925 971 2983 restituendum
1001 2943 1112 2984 censeo.
1160 2925 1259 2987 Simili
1286 2927 1375 2987 modo

199 3015 297 3075 verbis
325 3013 510 3089 simplicibus
540 3033 609 3072 oum
639 3013 771 3073 ablativo
802 3014 969 3073 coniunctis
996 3015 1096 3073 utitur
1122 3013 1251 3090 scriptor
1279 3018 1319 3076 77
1326 3018 1374 3094 ,3

199 3104 293 3161 Italia
307 3104 437 3176 inparia·
462 3107 512 3180 61,
528 3106 548 3162 4
562 3104 687 3161 cohortes
706 3104 764 3161 ioco
777 3105 902 3177 paisas;
928 3107 977 3181 77,
993 3106 1011 3162 9
1027 3107 1058 3162 et
1073 3105 1124 3182 78,
1139 3106 1157 3163 5
1173 3105 1245 3163 arbe
1258 3106 1374 3178 pulsans
1438 3108 1443 3121 “

202 3193 288 3262 Quod
310 3195 465 3267 praeterea
492 3192 524 3248 in
547 3215 566 3249 a
589 3191 702 3269 legitur
728 3194 761 3250 in
788 3210 867 3261 arce,
895 3193 927 3250 in
950 3193 969 3270 β
998 3195 1031 3251 in
1054 3210 1163 3261 arcera,
1191 3193 1308 3253 nullius
1330 3198 1377 3253 est

200 3280 351 3341 momenti.
398 3282 477 3339 Nam
500 3281 753 3358 praepositionem
775 3285 808 3340 in
831 3302 867 3340 ex
884 3281 994 3340 ultima
1009 3281 1099 3341 ¹vocis
1116 3283 1305 3355 praesidinm
1326 3282 1375 3341 lit
1419 3323 1423 3329 -

201 3375 266 3429 tera
289 3370 419 3446 repetita
443 3372 541 3428 ortam
564 3388 627 3428 esse
650 3371 716 3429 luce
740 3374 786 3429 est
808 3371 927 3429 elarius.
965 3374 968 3381 '

291 3453 350 3534 33,
367 3451 388 3517 3
408 3459 444 3517 (10
462 3458 558 3518 Atilio
574 3457 712 3518 Calatino
732 3461 804 3518 haec
823 3463 998 3519 narrantur:
1018 3477 1083 3519 cam
1097 3460 1137 3518 ad
1153 3459 1376 3521 Camerinam

202 3551 239 3607 ab
267 3549 395 3607 hostibus
423 3549 569 3607 obsessam
595 3550 759 3620 festinaret,
788 3568 807 3607 a
830 3550 936 3608 Poenis
962 3552 996 3608 in
1018 3551 1162 3622 arrpnstiis
1185 3550 1305 3611 olansw
1327 3554 1376 3610 est.

201 3638 315 3715 Negari
338 3657 398 3696 non
421 3640 528 3715 potest,
553 3640 665 3696 ceteros
689 3638 848 3714 scriptores
871 3658 963 3714 prope
983 3636 1174 3697 Camerinam
1191 3638 1324 3699 Atilium
1344 3639 1376 3698 in

202 3727 359 3805 angustias
382 3730 492 3785 temere
516 3727 700 3786 descendisse
723 3727 883 3787 memoriae
906 3727 1038 3803 prodere.
1077 3726 1135 3786 Sed
1157 3727 1304 3804 quoniam
1320 3729 1376 3788 hoc

205 3827 266 3876 loco
290 3816 360 3874 libri
382 3816 431 3875 vel
456 3815 618 3890 ealnpnan
637 3808 685 3897 (a)
704 3817 753 3876 vel
773 3816 928 3875 Oatleinarn
947 3808 995 3897 (β)
1015 3817 1063 3876 vel
1083 3808 1272 3898 Cair(n)am
1289 3808 1376 3898 (OD)

203 3906 359 3983 praebent,
389 3924 449 3963 non
479 3905 597 3983 dubito,
628 3906 702 3980 quin
731 3906 868 3964 Catinarn
895 3906 926 3963 in
953 3909 1070 3964 textum
1098 3905 1138 3963 sit
1163 3905 1375 3983 recipiendum

204 3996 262 4053 Ufr.
288 4014 365 4070 quae
389 3994 476 4052 modo
502 3995 626 4053 deloco
651 3997 735 4072 24,5
761 3995 921 4070 disputavi.

292 4077 393 4160 tl,3
419 4083 518 4160 Wyga
545 4084 655 4142 collato
678 4084 754 4142 Plin.
778 4084 847 4142 hist.
871 4087 932 4142 nat.
957 4085 991 4161 4,
1012 4086 1054 4143 20
1081 4082 1177 4142 edidit
1197 4080 1377 4145 Arevacos

202 4175 235 4231 in
257 4173 408 4246 Hispania
431 4173 548 4230 domnii.
595 4173 652 4231 Sed
675 4192 711 4231 ea
733 4174 824 4231 huius
846 4172 975 4232 nominis
997 4173 1102 4250 forma,
1126 4192 1205 4249 quae
1226 4173 1260 4231 in
1282 4174 1309 4233 B
1331 4177 1377 4235 est

203 4266 330 4340 servata,
349 4260 481 4319 Arbaoos
501 4253 543 4342 (A
562 4255 727 4343 Arbactos),
747 4263 877 4321 occurrit
896 4264 977 4338 apud
996 4262 1072 4337 App.
1093 4261 1129 4321 de
1144 4261 1208 4321 reb.
1227 4262 1313 4341 Hisp.
1334 4266 1374 4323 76

204 4350 254 4410 τὸν
275 4344 444 4431 Ἀρουακῶν
466 4349 603 4427 πόλεμον.

296 4436 358 4516 73,
382 4436 420 4499 6:
450 4441 554 4497 deinde
591 4459 655 4498 earn
690 4433 743 4521 (se.
774 4432 994 4521 Mithridatem)
1026 4439 1171 4499 Cabiris
1200 4443 1376 4501 resistentem
