<?xml version="1.0" encoding="UTF-8"?>
<!DOCTYPE html PUBLIC "-//W3C//DTD XHTML 1.0 Transitional//EN"
    "http://www.w3.org/TR/xhtml1/DTD/xhtml1-transitional.dtd">
<html xmlns="http://www.w3.org/1999/xhtml" xml:lang="en" lang="en">
 <head>
  <title>
</title>
<meta http-equiv="Content-Type" content="text/html;charset=utf-8" />
  <meta name='ocr-system' content='tesseract 3.04.00' />
  <meta name='ocr-capabilities' content='ocr_page ocr_carea ocr_par ocr_line ocrx_word'/>
</head>
<body>
  <div class='ocr_page' id='page_1' title='image "./commentationesw00woelgoog_0219.png"; bbox 0 0 2986 5002; ppageno 0'>
   <div class='ocr_carea' id='block_1_1' title="bbox 623 313 862 377">
    <p class='ocr_par' dir='ltr' id='par_1_1' title="bbox 623 313 862 377">
     <span class='ocr_line' id='line_1_1' title="bbox 623 313 862 377; baseline -0.008 0"><span class='ocrx_word' id='word_1_1' title='bbox 623 313 775 377; x_wconf 83' lang='grc'>-206</span> <span class='ocrx_word' id='word_1_2' title='bbox 825 349 862 358; x_wconf 86' lang='grc'>-</span> 
     </span>
    </p>
   </div>
   <div class='ocr_carea' id='block_1_2' title="bbox 154 475 1336 909">
    <p class='ocr_par' dir='ltr' id='par_1_2' title="bbox 154 475 1336 909">
     <span class='ocr_line' id='line_1_2' title="bbox 156 475 1336 549; baseline -0.004 -10"><span class='ocrx_word' id='word_1_3' title='bbox 156 499 216 539; x_wconf 93' lang='lat' dir='ltr'>uou</span> <span class='ocrx_word' id='word_1_4' title='bbox 240 481 415 546; x_wconf 81' lang='lat' dir='ltr'>coucubc&#39;tus,</span> <span class='ocrx_word' id='word_1_5' title='bbox 439 478 490 535; x_wconf 86' lang='lat' dir='ltr'>scd</span> <span class='ocrx_word' id='word_1_6' title='bbox 513 494 668 535; x_wconf 74' lang='lat' dir='ltr'><em>consensus</em></span> <span class='ocrx_word' id='word_1_7' title='bbox 690 477 770 549; x_wconf 79' lang='lat' dir='ltr'>facit.</span> <span class='ocrx_word' id='word_1_8' title='bbox 817 475 932 546; x_wconf 82' lang='lat' dir='ltr'>Quibus</span> <span class='ocrx_word' id='word_1_9' title='bbox 956 495 1035 533; x_wconf 89' lang='lat' dir='ltr'>nune</span> <span class='ocrx_word' id='word_1_10' title='bbox 1059 476 1136 535; x_wconf 89' lang='lat' dir='ltr'>addo</span> <span class='ocrx_word' id='word_1_11' title='bbox 1160 476 1235 534; x_wconf 89' lang='lat' dir='ltr'>duos</span> <span class='ocrx_word' id='word_1_12' title='bbox 1259 476 1336 534; x_wconf 89' lang='lat' dir='ltr'>alios</span> 
     </span>
     <span class='ocr_line' id='line_1_3' title="bbox 154 565 1334 647; baseline -0.003 -20"><span class='ocrx_word' id='word_1_13' title='bbox 154 571 244 647; x_wconf 79' lang='lat' dir='ltr'>locoS,</span> <span class='ocrx_word' id='word_1_14' title='bbox 270 569 322 644; x_wconf 90' lang='lat' dir='ltr'>qui</span> <span class='ocrx_word' id='word_1_15' title='bbox 346 572 377 627; x_wconf 92' lang='lat' dir='ltr'>et</span> <span class='ocrx_word' id='word_1_16' title='bbox 400 567 436 627; x_wconf 92' lang='lat' dir='ltr'>ob</span> <span class='ocrx_word' id='word_1_17' title='bbox 459 566 608 624; x_wconf 87' lang='lat' dir='ltr'>rationem</span> <span class='ocrx_word' id='word_1_18' title='bbox 632 566 748 624; x_wconf 91' lang='lat' dir='ltr'>dicendi</span> <span class='ocrx_word' id='word_1_19' title='bbox 772 568 802 624; x_wconf 89' lang='lat' dir='ltr'>et</span> <span class='ocrx_word' id='word_1_20' title='bbox 825 565 861 624; x_wconf 93' lang='lat' dir='ltr'>ob</span> <span class='ocrx_word' id='word_1_21' title='bbox 886 565 1103 623; x_wconf 84' lang='lat' dir='ltr'>sententiarum</span> <span class='ocrx_word' id='word_1_22' title='bbox 1125 565 1274 640; x_wconf 79' lang='lat' dir='ltr'>ineptiam</span> <span class='ocrx_word' id='word_1_23' title='bbox 1296 565 1334 623; x_wconf 90' lang='lat' dir='ltr'>ab</span> 
     </span>
     <span class='ocr_line' id='line_1_4' title="bbox 154 653 1334 732; baseline -0.003 -16"><span class='ocrx_word' id='word_1_24' title='bbox 154 659 257 717; x_wconf 90' lang='lat' dir='ltr'>eodem</span> <span class='ocrx_word' id='word_1_25' title='bbox 280 657 494 732; x_wconf 71' lang='lat' dir='ltr'>interpolatore</span> <span class='ocrx_word' id='word_1_26' title='bbox 518 654 659 713; x_wconf 84' lang='lat' dir='ltr'>videntur</span> <span class='ocrx_word' id='word_1_27' title='bbox 682 655 792 713; x_wconf 88' lang='lat' dir='ltr'>adiecti</span> <span class='ocrx_word' id='word_1_28' title='bbox 815 671 886 712; x_wconf 90' lang='lat' dir='ltr'>esse.</span> <span class='ocrx_word' id='word_1_29' title='bbox 933 653 1034 729; x_wconf 84' lang='lat' dir='ltr'>Atque</span> <span class='ocrx_word' id='word_1_30' title='bbox 1062 655 1146 729; x_wconf 88' lang='lat' dir='ltr'>apud</span> <span class='ocrx_word' id='word_1_31' title='bbox 1167 654 1196 712; x_wconf 91' lang='lat' dir='ltr'>U</span> <span class='ocrx_word' id='word_1_32' title='bbox 1208 655 1334 729; x_wconf 88' lang='lat' dir='ltr'>pianum</span> 
     </span>
     <span class='ocr_line' id='line_1_5' title="bbox 155 744 1333 824; baseline -0.003 -20"><span class='ocrx_word' id='word_1_33' title='bbox 155 747 276 823; x_wconf 91' lang='lat' dir='ltr'>quidem</span> <span class='ocrx_word' id='word_1_34' title='bbox 294 747 422 824; x_wconf 84' lang='lat' dir='ltr'>legimus</span> <span class='ocrx_word' id='word_1_35' title='bbox 441 745 477 801; x_wconf 91' lang='lat' dir='ltr'>D.</span> <span class='ocrx_word' id='word_1_36' title='bbox 500 747 638 821; x_wconf 97' lang='grc'>16,1,4,</span> <span class='ocrx_word' id='word_1_37' title='bbox 656 747 687 801; x_wconf 88' lang='lat'>1:</span> <span class='ocrx_word' id='word_1_38' title='bbox 710 744 838 801; x_wconf 80' lang='lat' dir='ltr'>Protuctc</span> <span class='ocrx_word' id='word_1_39' title='bbox 860 745 896 811; x_wconf 85' lang='lat' dir='ltr'>sc&#39;,</span> <span class='ocrx_word' id='word_1_40' title='bbox 920 744 1165 802; x_wconf 70' lang='lat' dir='ltr'>ceucocroca</span> <span class='ocrx_word' id='word_1_41' title='bbox 1244 748 1333 810; x_wconf 88' lang='lat' dir='ltr'>otuu,</span> 
     </span>
     <span class='ocr_line' id='line_1_6' title="bbox 155 832 1334 909; baseline -0.003 -15"><span class='ocrx_word' id='word_1_42' title='bbox 155 839 263 909; x_wconf 79' lang='lat' dir='ltr'>accepit</span> <span class='ocrx_word' id='word_1_43' title='bbox 281 855 300 894; x_wconf 93' lang='lat' dir='ltr'>a</span> <span class='ocrx_word' id='word_1_44' title='bbox 318 854 363 893; x_wconf 86' lang='lat' dir='ltr'>uc</span> <span class='ocrx_word' id='word_1_45' title='bbox 380 837 514 892; x_wconf 80' lang='lat' dir='ltr'>uutuouu</span> <span class='ocrx_word' id='word_1_46' title='bbox 527 835 686 905; x_wconf 79' lang='lat' dir='ltr'>pecuutaru</span> <span class='ocrx_word' id='word_1_47' title='bbox 705 836 731 890; x_wconf 89' lang='lat' dir='ltr'>et</span> <span class='ocrx_word' id='word_1_48' title='bbox 749 851 813 891; x_wconf 81' lang='lat' dir='ltr'>caru</span> <span class='ocrx_word' id='word_1_49' title='bbox 833 832 907 890; x_wconf 76' lang='lat' dir='ltr'>Tru</span> <span class='ocrx_word' id='word_1_50' title='bbox 927 833 1054 900; x_wconf 83' lang='lat' dir='ltr'>douauc&#39;t,</span> <span class='ocrx_word' id='word_1_51' title='bbox 1075 833 1199 891; x_wconf 73' lang='lat' dir='ltr'>cessabit</span> <span class='ocrx_word' id='word_1_52' title='bbox 1216 837 1334 891; x_wconf 91' lang='lat' dir='ltr'>seuatus</span> 
     </span>
    </p>
   </div>
   <div class='ocr_carea' id='block_1_3' title="bbox 58 922 1333 989">
    <p class='ocr_par' dir='ltr' id='par_1_3' title="bbox 58 922 1333 989">
     <span class='ocr_line' id='line_1_7' title="bbox 58 922 1333 989; baseline -0.005 -5"><span class='ocrx_word' id='word_1_53' title='bbox 58 978 62 985; x_wconf 86' lang='lat'><em>.</em></span> <span class='ocrx_word' id='word_1_54' title='bbox 156 927 324 983; x_wconf 82' lang='lat' dir='ltr'>coasultum.</span> <span class='ocrx_word' id='word_1_55' title='bbox 354 925 404 982; x_wconf 84' lang='lat' dir='ltr'>scd</span> <span class='ocrx_word' id='word_1_56' title='bbox 428 926 455 981; x_wconf 92' lang='lat' dir='ltr'>ct</span> <span class='ocrx_word' id='word_1_57' title='bbox 477 924 503 980; x_wconf 84' lang='lat' dir='ltr'>so&#39;</span> <span class='ocrx_word' id='word_1_58' title='bbox 526 923 578 980; x_wconf 78' lang='lat' dir='ltr'>tibi</span> <span class='ocrx_word' id='word_1_59' title='bbox 601 923 749 980; x_wconf 85' lang='lat' dir='ltr'>ctouaturu</span> <span class='ocrx_word' id='word_1_60' title='bbox 773 922 907 980; x_wconf 82' lang='lat' dir='ltr'>crectttora&#39;</span> <span class='ocrx_word' id='word_1_61' title='bbox 930 925 978 979; x_wconf 91' lang='lat' dir='ltr'>tuo</span> <span class='ocrx_word' id='word_1_62' title='bbox 1004 939 1138 980; x_wconf 82' lang='lat' dir='ltr'>ruuuuos</span> <span class='ocrx_word' id='word_1_63' title='bbox 1160 923 1333 989; x_wconf 71' lang='lat' dir='ltr'>numeravit,</span> 
     </span>
    </p>
   </div>
   <div class='ocr_carea' id='block_1_4' title="bbox 154 1012 1343 4563">
    <p class='ocr_par' dir='ltr' id='par_1_4' title="bbox 154 1012 1338 3139">
     <span class='ocr_line' id='line_1_8' title="bbox 154 1012 1333 1085; baseline -0.003 -13"><span class='ocrx_word' id='word_1_64' title='bbox 154 1033 214 1072; x_wconf 91' lang='lat' dir='ltr'>uou</span> <span class='ocrx_word' id='word_1_65' title='bbox 236 1014 397 1072; x_wconf 84' lang='lat' dir='ltr'>u&#39;utcrccdc‘t:</span> <span class='ocrx_word' id='word_1_66' title='bbox 420 1015 539 1085; x_wconf 88' lang='lat' dir='ltr'>scuatus</span> <span class='ocrx_word' id='word_1_67' title='bbox 562 1013 638 1068; x_wconf 81' lang='lat' dir='ltr'>euiru</span> <span class='ocrx_word' id='word_1_68' title='bbox 660 1012 803 1084; x_wconf 74' lang='lat' dir='ltr'>obltpatac</span> <span class='ocrx_word' id='word_1_69' title='bbox 824 1012 941 1069; x_wconf 84' lang='lat' dir='ltr'>uuulc&#39;cru&#39;</span> <span class='ocrx_word' id='word_1_70' title='bbox 963 1028 1131 1069; x_wconf 75' lang='lat' dir='ltr'>succurrere</span> <span class='ocrx_word' id='word_1_71' title='bbox 1152 1012 1253 1079; x_wconf 77' lang='lat' dir='ltr'>uoluit,</span> <span class='ocrx_word' id='word_1_72' title='bbox 1275 1028 1333 1069; x_wconf 90' lang='lat' dir='ltr'>uou</span> 
     </span>
     <span class='ocr_line' id='line_1_9' title="bbox 156 1100 1334 1173; baseline -0.003 -12"><span class='ocrx_word' id='word_1_73' title='bbox 156 1105 291 1161; x_wconf 82' lang='lat' dir='ltr'>douaute‘:</span> <span class='ocrx_word' id='word_1_74' title='bbox 322 1103 383 1160; x_wconf 83' lang='lat' dir='ltr'>boc</span> <span class='ocrx_word' id='word_1_75' title='bbox 413 1102 504 1167; x_wconf 79' lang='lat' dir='ltr'>ideo,</span> <span class='ocrx_word' id='word_1_76' title='bbox 537 1102 620 1173; x_wconf 79' lang='lat' dir='ltr'>quta</span> <span class='ocrx_word' id='word_1_77' title='bbox 651 1101 802 1172; x_wconf 75' lang='lat' dir='ltr'>facilius</span> <span class='ocrx_word' id='word_1_78' title='bbox 829 1117 864 1157; x_wconf 90' lang='lat' dir='ltr'>sc</span> <span class='ocrx_word' id='word_1_79' title='bbox 891 1100 1018 1158; x_wconf 87' lang='lat' dir='ltr'>uutc&#39;cr</span> <span class='ocrx_word' id='word_1_80' title='bbox 1050 1101 1200 1173; x_wconf 69' lang='lat' dir='ltr'>oblecat,</span> <span class='ocrx_word' id='word_1_81' title='bbox 1234 1118 1334 1173; x_wconf 83' lang='lat' dir='ltr'>quau</span> 
     </span>
     <span class='ocr_line' id='line_1_10' title="bbox 156 1188 1334 1265; baseline -0.003 -15"><span class='ocrx_word' id='word_1_82' title='bbox 156 1193 267 1250; x_wconf 79' lang='lat' dir='ltr'>alicui</span> <span class='ocrx_word' id='word_1_83' title='bbox 291 1193 404 1250; x_wconf 84' lang='lat' dir='ltr'>douat.</span> <span class='ocrx_word' id='word_1_84' title='bbox 441 1189 547 1248; x_wconf 85' lang='lat' dir='ltr'>Nonne</span> <span class='ocrx_word' id='word_1_85' title='bbox 571 1188 691 1248; x_wconf 87' lang='lat' dir='ltr'>videtur</span> <span class='ocrx_word' id='word_1_86' title='bbox 713 1189 919 1265; x_wconf 78' lang='lat' dir='ltr'>interpolator,</span> <span class='ocrx_word' id='word_1_87' title='bbox 944 1206 1005 1264; x_wconf 87' lang='lat' dir='ltr'>qua</span> <span class='ocrx_word' id='word_1_88' title='bbox 1023 1190 1069 1246; x_wconf 89' lang='lat' dir='ltr'>est</span> <span class='ocrx_word' id='word_1_89' title='bbox 1087 1189 1199 1265; x_wconf 87' lang='lat' dir='ltr'>peritia</span> <span class='ocrx_word' id='word_1_90' title='bbox 1217 1209 1334 1248; x_wconf 85' lang='lat' dir='ltr'>mamm</span> 
     </span>
     <span class='ocr_line' id='line_1_11' title="bbox 157 1277 1333 1356; baseline -0.002 -18"><span class='ocrx_word' id='word_1_91' title='bbox 157 1281 310 1356; x_wconf 84' lang='lat' dir='ltr'>animique</span> <span class='ocrx_word' id='word_1_92' title='bbox 338 1279 505 1355; x_wconf 88' lang='lat' dir='ltr'>muliebris,</span> <span class='ocrx_word' id='word_1_93' title='bbox 534 1277 694 1355; x_wconf 87' lang='lat' dir='ltr'>diligenter</span> <span class='ocrx_word' id='word_1_94' title='bbox 721 1277 875 1352; x_wconf 85' lang='lat' dir='ltr'>Euripidis</span> <span class='ocrx_word' id='word_1_95' title='bbox 902 1278 1022 1336; x_wconf 88' lang='lat' dir='ltr'>fabulas</span> <span class='ocrx_word' id='word_1_96' title='bbox 1049 1277 1181 1355; x_wconf 84' lang='lat' dir='ltr'>legisse?</span> <span class='ocrx_word' id='word_1_97' title='bbox 1218 1279 1276 1337; x_wconf 91' lang='lat' dir='ltr'>Vel</span> <span class='ocrx_word' id='word_1_98' title='bbox 1299 1298 1333 1336; x_wconf 83' lang='lat' dir='ltr'>ex</span> 
     </span>
     <span class='ocr_line' id='line_1_12' title="bbox 156 1366 1334 1446; baseline -0.003 -18"><span class='ocrx_word' id='word_1_99' title='bbox 156 1370 254 1428; x_wconf 84' lang='lat' dir='ltr'>verbis</span> <span class='ocrx_word' id='word_1_100' title='bbox 290 1371 341 1427; x_wconf 85' lang='lat' dir='ltr'>boc</span> <span class='ocrx_word' id='word_1_101' title='bbox 372 1370 448 1436; x_wconf 85' lang='lat' dir='ltr'>idco,</span> <span class='ocrx_word' id='word_1_102' title='bbox 488 1367 597 1443; x_wconf 90' lang='lat' dir='ltr'>quibus</span> <span class='ocrx_word' id='word_1_103' title='bbox 636 1367 807 1426; x_wconf 82' lang='lat' dir='ltr'>adnectitur</span> <span class='ocrx_word' id='word_1_104' title='bbox 843 1367 993 1425; x_wconf 88' lang='lat' dir='ltr'>sententia</span> <span class='ocrx_word' id='word_1_105' title='bbox 1029 1366 1228 1446; x_wconf 87' lang='lat' dir='ltr'>interpolata,</span> <span class='ocrx_word' id='word_1_106' title='bbox 1264 1367 1334 1426; x_wconf 90' lang='lat' dir='ltr'>licet</span> 
     </span>
     <span class='ocr_line' id='line_1_13' title="bbox 157 1456 1334 1537; baseline -0.003 -18"><span class='ocrx_word' id='word_1_107' title='bbox 157 1477 332 1537; x_wconf 84' lang='lat' dir='ltr'>cognoscere</span> <span class='ocrx_word' id='word_1_108' title='bbox 356 1457 595 1516; x_wconf 86' lang='lat' dir='ltr'>additamentum</span> <span class='ocrx_word' id='word_1_109' title='bbox 615 1457 765 1532; x_wconf 79' lang='lat' dir='ltr'>spurium3</span> <span class='ocrx_word' id='word_1_110' title='bbox 788 1475 859 1514; x_wconf 87' lang='lat' dir='ltr'>uam</span> <span class='ocrx_word' id='word_1_111' title='bbox 877 1456 1051 1534; x_wconf 83' lang='lat' dir='ltr'>Ulpianum,</span> <span class='ocrx_word' id='word_1_112' title='bbox 1075 1456 1101 1514; x_wconf 92' lang='lat' dir='ltr'>si</span> <span class='ocrx_word' id='word_1_113' title='bbox 1123 1456 1188 1532; x_wconf 91' lang='lat' dir='ltr'>ipse</span> <span class='ocrx_word' id='word_1_114' title='bbox 1212 1475 1334 1515; x_wconf 85' lang='lat' dir='ltr'>causam</span> 
     </span>
     <span class='ocr_line' id='line_1_14' title="bbox 157 1538 1333 1623; baseline -0.003 -17"><span class='ocrx_word' id='word_1_115' title='bbox 157 1549 241 1606; x_wconf 88' lang='lat' dir='ltr'>illam</span> <span class='ocrx_word' id='word_1_116' title='bbox 264 1568 300 1606; x_wconf 83' lang='lat' dir='ltr'>ex</span> <span class='ocrx_word' id='word_1_117' title='bbox 322 1547 454 1607; x_wconf 89' lang='lat' dir='ltr'>moribus</span> <span class='ocrx_word' id='word_1_118' title='bbox 477 1538 639 1604; x_wconf 87' lang='lat' dir='ltr'>mulierum</span> <span class='ocrx_word' id='word_1_119' title='bbox 661 1548 790 1603; x_wconf 87' lang='lat' dir='ltr'>tractam</span> <span class='ocrx_word' id='word_1_120' title='bbox 814 1544 979 1623; x_wconf 88' lang='lat' dir='ltr'>adiecisset,</span> <span class='ocrx_word' id='word_1_121' title='bbox 1002 1545 1047 1604; x_wconf 88' lang='lat' dir='ltr'>ita</span> <span class='ocrx_word' id='word_1_122' title='bbox 1065 1545 1220 1604; x_wconf 90' lang='lat' dir='ltr'>dicturum</span> <span class='ocrx_word' id='word_1_123' title='bbox 1242 1546 1333 1604; x_wconf 84' lang='lat' dir='ltr'>fuisse</span> 
     </span>
     <span class='ocr_line' id='line_1_15' title="bbox 158 1635 1332 1708; baseline -0.003 -12"><span class='ocrx_word' id='word_1_124' title='bbox 158 1638 257 1696; x_wconf 92' lang='lat' dir='ltr'>credo:</span> <span class='ocrx_word' id='word_1_125' title='bbox 276 1641 395 1695; x_wconf 91' lang='lat' dir='ltr'>scuatus</span> <span class='ocrx_word' id='word_1_126' title='bbox 415 1637 491 1694; x_wconf 79' lang='lat' dir='ltr'>cuiue</span> <span class='ocrx_word' id='word_1_127' title='bbox 508 1636 650 1708; x_wconf 71' lang='lat' dir='ltr'>obtc&#39;patac</span> <span class='ocrx_word' id='word_1_128' title='bbox 667 1636 784 1693; x_wconf 83' lang='lat' dir='ltr'>uuttcru&#39;</span> <span class='ocrx_word' id='word_1_129' title='bbox 802 1635 865 1693; x_wconf 84' lang='lat' dir='ltr'>c&#39;dco</span> <span class='ocrx_word' id='word_1_130' title='bbox 884 1652 1053 1694; x_wconf 82' lang='lat' dir='ltr'>succurrere</span> <span class='ocrx_word' id='word_1_131' title='bbox 1070 1635 1170 1704; x_wconf 78' lang='lat' dir='ltr'>uoluit,</span> <span class='ocrx_word' id='word_1_132' title='bbox 1189 1637 1266 1708; x_wconf 83' lang='lat' dir='ltr'>quod</span> <span class='ocrx_word' id='word_1_133' title='bbox 1279 1638 1332 1694; x_wconf 90' lang='lat' dir='ltr'>etc.</span> 
     </span>
     <span class='ocr_line' id='line_1_16' title="bbox 157 1723 1332 1802; baseline -0.002 -18"><span class='ocrx_word' id='word_1_134' title='bbox 157 1726 333 1787; x_wconf 88' lang='lat' dir='ltr'>Mommseni</span> <span class='ocrx_word' id='word_1_135' title='bbox 356 1725 452 1802; x_wconf 88' lang='lat' dir='ltr'>igitur</span> <span class='ocrx_word' id='word_1_136' title='bbox 475 1723 654 1802; x_wconf 88' lang='lat' dir='ltr'>coniectura,</span> <span class='ocrx_word' id='word_1_137' title='bbox 679 1743 740 1800; x_wconf 90' lang='lat' dir='ltr'>qua</span> <span class='ocrx_word' id='word_1_138' title='bbox 765 1725 855 1782; x_wconf 80' lang='lat' dir='ltr'>alicui</span> <span class='ocrx_word' id='word_1_139' title='bbox 874 1724 1013 1782; x_wconf 85' lang='lat' dir='ltr'>emendat</span> <span class='ocrx_word' id='word_1_140' title='bbox 1035 1723 1067 1781; x_wconf 91' lang='lat' dir='ltr'>in</span> <span class='ocrx_word' id='word_1_141' title='bbox 1085 1725 1208 1798; x_wconf 81' lang='lat' dir='ltr'>aliquid,</span> <span class='ocrx_word' id='word_1_142' title='bbox 1233 1743 1332 1800; x_wconf 87' lang='lat' dir='ltr'>super·</span> 
     </span>
     <span class='ocr_line' id='line_1_17' title="bbox 158 1812 1332 1890; baseline -0.003 -16"><span class='ocrx_word' id='word_1_143' title='bbox 158 1816 294 1874; x_wconf 86' lang='lat' dir='ltr'>sedentes</span> <span class='ocrx_word' id='word_1_144' title='bbox 325 1815 428 1890; x_wconf 88' lang='lat' dir='ltr'>potius</span> <span class='ocrx_word' id='word_1_145' title='bbox 460 1816 572 1872; x_wconf 89' lang='lat' dir='ltr'>totam.</span> <span class='ocrx_word' id='word_1_146' title='bbox 592 1813 773 1872; x_wconf 86' lang='lat' dir='ltr'>sententiam</span> <span class='ocrx_word' id='word_1_147' title='bbox 804 1813 946 1872; x_wconf 90' lang='lat' dir='ltr'>delemus.</span> <span class='ocrx_word' id='word_1_148' title='bbox 998 1812 1146 1872; x_wconf 89' lang='lat' dir='ltr'>Addimus</span> <span class='ocrx_word' id='word_1_149' title='bbox 1178 1814 1266 1872; x_wconf 85' lang='lat' dir='ltr'>Paul.</span> <span class='ocrx_word' id='word_1_150' title='bbox 1298 1813 1332 1871; x_wconf 89' lang='lat' dir='ltr'>D.</span> 
     </span>
     <span class='ocr_line' id='line_1_18' title="bbox 159 1903 1334 1982; baseline -0.002 -20"><span class='ocrx_word' id='word_1_151' title='bbox 159 1907 210 1982; x_wconf 91' lang='grc'>23,</span> <span class='ocrx_word' id='word_1_152' title='bbox 226 1907 254 1981; x_wconf 95' lang='grc'>2,</span> <span class='ocrx_word' id='word_1_153' title='bbox 272 1907 321 1981; x_wconf 94' lang='grc'>14,</span> <span class='ocrx_word' id='word_1_154' title='bbox 338 1906 371 1963; x_wconf 86' lang='lat'>3:</span> <span class='ocrx_word' id='word_1_155' title='bbox 404 1904 488 1961; x_wconf 83' lang='lat' dir='ltr'>Idem</span> <span class='ocrx_word' id='word_1_156' title='bbox 515 1907 624 1970; x_wconf 85' lang='lat' dir='ltr'>tarucu,</span> <span class='ocrx_word' id='word_1_157' title='bbox 653 1904 729 1975; x_wconf 82' lang='lat' dir='ltr'>quod</span> <span class='ocrx_word' id='word_1_158' title='bbox 755 1904 788 1960; x_wconf 85' lang='lat' dir='ltr'>c&#39;u</span> <span class='ocrx_word' id='word_1_159' title='bbox 810 1903 964 1961; x_wconf 77' lang='lat' dir='ltr'>seruilibus</span> <span class='ocrx_word' id='word_1_160' title='bbox 987 1903 1206 1976; x_wconf 72' lang='lat' dir='ltr'>coquatc&#39;ouu&#39;bus</span> <span class='ocrx_word' id='word_1_161' title='bbox 1234 1904 1334 1961; x_wconf 79' lang='lat' dir='ltr'>constt-</span> 
     </span>
     <span class='ocr_line' id='line_1_19' title="bbox 158 1992 1335 2063; baseline -0.001 -12"><span class='ocrx_word' id='word_1_162' title='bbox 158 1998 251 2052; x_wconf 84' lang='lat' dir='ltr'>tuturu</span> <span class='ocrx_word' id='word_1_163' title='bbox 274 1997 327 2061; x_wconf 82' lang='lat' dir='ltr'>cst,</span> <span class='ocrx_word' id='word_1_164' title='bbox 352 1995 438 2050; x_wconf 82' lang='lat' dir='ltr'>etiam</span> <span class='ocrx_word' id='word_1_165' title='bbox 460 1993 492 2049; x_wconf 79' lang='lat' dir='ltr'>tu</span> <span class='ocrx_word' id='word_1_166' title='bbox 514 1992 668 2050; x_wconf 82' lang='lat' dir='ltr'>seruilibus</span> <span class='ocrx_word' id='word_1_167' title='bbox 690 1993 894 2063; x_wconf 75' lang='lat' dir='ltr'>cuuuerauous</span> <span class='ocrx_word' id='word_1_168' title='bbox 916 1993 1093 2050; x_wconf 70' lang='lat' dir='ltr'>secuudum</span> <span class='ocrx_word' id='word_1_169' title='bbox 1117 1995 1171 2060; x_wconf 89' lang='lat' dir='ltr'>est,</span> <span class='ocrx_word' id='word_1_170' title='bbox 1194 1993 1283 2050; x_wconf 78' lang='lat' dir='ltr'>ueluti</span> <span class='ocrx_word' id='word_1_171' title='bbox 1303 1995 1335 2049; x_wconf 90' lang='lat' dir='ltr'>ut</span> 
     </span>
     <span class='ocr_line' id='line_1_20' title="bbox 160 2082 1335 2155; baseline -0.002 -15"><span class='ocrx_word' id='word_1_172' title='bbox 160 2101 236 2150; x_wconf 80' lang='lat' dir='ltr'>caru,</span> <span class='ocrx_word' id='word_1_173' title='bbox 260 2100 334 2155; x_wconf 82' lang='lat' dir='ltr'>quac</span> <span class='ocrx_word' id='word_1_174' title='bbox 356 2083 390 2139; x_wconf 85' lang='lat' dir='ltr'>c&#39;u</span> <span class='ocrx_word' id='word_1_175' title='bbox 412 2082 594 2139; x_wconf 83' lang='lat' dir='ltr'>coutubcruto</span> <span class='ocrx_word' id='word_1_176' title='bbox 612 2083 711 2154; x_wconf 77' lang='lat' dir='ltr'>patris</span> <span class='ocrx_word' id='word_1_177' title='bbox 733 2082 836 2152; x_wconf 78' lang='lat' dir='ltr'>fucrit,</span> <span class='ocrx_word' id='word_1_178' title='bbox 860 2083 947 2153; x_wconf 82' lang='lat' dir='ltr'>quast</span> <span class='ocrx_word' id='word_1_179' title='bbox 968 2098 1123 2139; x_wconf 88' lang='lat' dir='ltr'>uouercau</span> <span class='ocrx_word' id='word_1_180' title='bbox 1144 2098 1206 2140; x_wconf 89' lang='lat' dir='ltr'>uou</span> <span class='ocrx_word' id='word_1_181' title='bbox 1222 2083 1335 2155; x_wconf 79' lang='lat' dir='ltr'>possim</span> 
     </span>
     <span class='ocr_line' id='line_1_21' title="bbox 160 2171 1335 2244; baseline -0.002 -14"><span class='ocrx_word' id='word_1_182' title='bbox 160 2173 272 2238; x_wconf 81' lang='lat' dir='ltr'>ducere,</span> <span class='ocrx_word' id='word_1_183' title='bbox 297 2175 323 2229; x_wconf 87' lang='lat' dir='ltr'>et</span> <span class='ocrx_word' id='word_1_184' title='bbox 345 2174 445 2228; x_wconf 89' lang='lat' dir='ltr'>coutra</span> <span class='ocrx_word' id='word_1_185' title='bbox 468 2187 540 2237; x_wconf 90' lang='lat' dir='ltr'>cau,</span> <span class='ocrx_word' id='word_1_186' title='bbox 564 2188 638 2242; x_wconf 83' lang='lat' dir='ltr'>quae</span> <span class='ocrx_word' id='word_1_187' title='bbox 660 2172 693 2228; x_wconf 82' lang='lat' dir='ltr'>iu</span> <span class='ocrx_word' id='word_1_188' title='bbox 716 2171 899 2228; x_wconf 79' lang='lat' dir='ltr'>coutubcruio</span> <span class='ocrx_word' id='word_1_189' title='bbox 922 2171 979 2242; x_wconf 72' lang='lat' dir='ltr'>ultr·</span> <span class='ocrx_word' id='word_1_190' title='bbox 996 2171 1094 2243; x_wconf 76' lang='lat' dir='ltr'>fucrit,</span> <span class='ocrx_word' id='word_1_191' title='bbox 1112 2174 1233 2244; x_wconf 78' lang='lat' dir='ltr'>patrem</span> <span class='ocrx_word' id='word_1_192' title='bbox 1250 2171 1335 2244; x_wconf 80' lang='lat' dir='ltr'>quasi</span> 
     </span>
     <span class='ocr_line' id='line_1_22' title="bbox 158 2261 1336 2332; baseline -0.002 -14"><span class='ocrx_word' id='word_1_193' title='bbox 158 2278 268 2318; x_wconf 85' lang='lat' dir='ltr'>uarum</span> <span class='ocrx_word' id='word_1_194' title='bbox 290 2277 350 2318; x_wconf 91' lang='lat' dir='ltr'>ucu</span> <span class='ocrx_word' id='word_1_195' title='bbox 372 2261 488 2317; x_wconf 85' lang='lat' dir='ltr'>ducere:</span> <span class='ocrx_word' id='word_1_196' title='bbox 516 2276 606 2332; x_wconf 79' lang='lat' dir='ltr'>acque</span> <span class='ocrx_word' id='word_1_197' title='bbox 627 2276 680 2317; x_wconf 90' lang='lat' dir='ltr'>uec</span> <span class='ocrx_word' id='word_1_198' title='bbox 701 2262 824 2317; x_wconf 88' lang='lat' dir='ltr'>uatrcu</span> <span class='ocrx_word' id='word_1_199' title='bbox 847 2261 922 2327; x_wconf 82' lang='lat' dir='ltr'>ctus,</span> <span class='ocrx_word' id='word_1_200' title='bbox 946 2277 1035 2332; x_wconf 80' lang='lat' dir='ltr'>quau</span> <span class='ocrx_word' id='word_1_201' title='bbox 1058 2261 1123 2332; x_wconf 77' lang='lat' dir='ltr'>quts</span> <span class='ocrx_word' id='word_1_202' title='bbox 1145 2261 1179 2319; x_wconf 77' lang='lat' dir='ltr'>tu</span> <span class='ocrx_word' id='word_1_203' title='bbox 1200 2261 1336 2318; x_wconf 76' lang='lat' dir='ltr'>seruitute</span> 
     </span>
     <span class='ocr_line' id='line_1_23' title="bbox 158 2349 1335 2423; baseline 0 -16"><span class='ocrx_word' id='word_1_204' title='bbox 158 2366 276 2407; x_wconf 85' lang='lat' dir='ltr'>uuoreru</span> <span class='ocrx_word' id='word_1_205' title='bbox 298 2350 407 2416; x_wconf 81' lang='lat' dir='ltr'>babuit,</span> <span class='ocrx_word' id='word_1_206' title='bbox 431 2350 517 2421; x_wconf 79' lang='lat' dir='ltr'>quasi</span> <span class='ocrx_word' id='word_1_207' title='bbox 539 2365 660 2406; x_wconf 87' lang='lat' dir='ltr'>socruu.</span> <span class='ocrx_word' id='word_1_208' title='bbox 690 2365 755 2406; x_wconf 82' lang='lat' dir='ltr'>curu</span> <span class='ocrx_word' id='word_1_209' title='bbox 778 2350 854 2406; x_wconf 80' lang='lat' dir='ltr'>euuru</span> <span class='ocrx_word' id='word_1_210' title='bbox 873 2350 1002 2422; x_wconf 74' lang='lat' dir='ltr'>coyuatc‘o</span> <span class='ocrx_word' id='word_1_211' title='bbox 1020 2349 1135 2407; x_wconf 75' lang='lat' dir='ltr'>suotbs</span> <span class='ocrx_word' id='word_1_212' title='bbox 1152 2349 1335 2423; x_wconf 70' lang='lat' dir='ltr'>uullecitur,</span> 
     </span>
     <span class='ocr_line' id='line_1_24' title="bbox 158 2437 1337 2511; baseline -0.001 -15"><span class='ocrx_word' id='word_1_213' title='bbox 158 2456 250 2511; x_wconf 84' lang='lat' dir='ltr'>quare</span> <span class='ocrx_word' id='word_1_214' title='bbox 271 2455 331 2496; x_wconf 92' lang='lat' dir='ltr'>uou</span> <span class='ocrx_word' id='word_1_215' title='bbox 354 2441 381 2496; x_wconf 90' lang='lat' dir='ltr'>ct</span> <span class='ocrx_word' id='word_1_216' title='bbox 403 2439 543 2509; x_wconf 69' lang='lat' dir='ltr'>aduuttas</span> <span class='ocrx_word' id='word_1_217' title='bbox 565 2437 769 2510; x_wconf 73' lang='lat' dir='ltr'>tutellepatur?</span> <span class='ocrx_word' id='word_1_218' title='bbox 807 2437 867 2496; x_wconf 88' lang='lat' dir='ltr'>scot</span> <span class='ocrx_word' id='word_1_219' title='bbox 894 2439 932 2495; x_wconf 87' lang='lat' dir='ltr'>c&#39;u</span> <span class='ocrx_word' id='word_1_220' title='bbox 959 2455 996 2496; x_wconf 88' lang='lat' dir='ltr'>re</span> <span class='ocrx_word' id='word_1_221' title='bbox 1018 2438 1127 2496; x_wconf 79' lang='lat' dir='ltr'>dubia</span> <span class='ocrx_word' id='word_1_222' title='bbox 1150 2440 1285 2497; x_wconf 79' lang='lat' dir='ltr'>certius</span> <span class='ocrx_word' id='word_1_223' title='bbox 1307 2441 1337 2495; x_wconf 90' lang='lat' dir='ltr'>et</span> 
     </span>
     <span class='ocr_line' id='line_1_25' title="bbox 158 2526 1335 2602; baseline 0.001 -18"><span class='ocrx_word' id='word_1_224' title='bbox 158 2529 349 2586; x_wconf 78' lang='lat' dir='ltr'>modestius</span> <span class='ocrx_word' id='word_1_225' title='bbox 372 2530 422 2585; x_wconf 90' lang='lat' dir='ltr'>est</span> <span class='ocrx_word' id='word_1_226' title='bbox 442 2527 644 2584; x_wconf 82' lang='lat' dir='ltr'>buiusuootu&#39;</span> <span class='ocrx_word' id='word_1_227' title='bbox 665 2527 803 2600; x_wconf 82' lang='lat' dir='ltr'>uuptu&#39;c&#39;s</span> <span class='ocrx_word' id='word_1_228' title='bbox 826 2527 1012 2585; x_wconf 85' lang='lat' dir='ltr'>abstc&#39;ucre.</span> <span class='ocrx_word' id='word_1_229' title='bbox 1058 2526 1262 2585; x_wconf 87' lang='lat' dir='ltr'>Mommsenus</span> <span class='ocrx_word' id='word_1_230' title='bbox 1281 2546 1335 2602; x_wconf 90' lang='lat' dir='ltr'>pro</span> 
     </span>
     <span class='ocr_line' id='line_1_26' title="bbox 158 2615 1337 2692; baseline -0.001 -17"><span class='ocrx_word' id='word_1_231' title='bbox 158 2618 208 2675; x_wconf 86' lang='lat' dir='ltr'>sed</span> <span class='ocrx_word' id='word_1_232' title='bbox 226 2615 384 2692; x_wconf 88' lang='lat' dir='ltr'>proposuit</span> <span class='ocrx_word' id='word_1_233' title='bbox 401 2615 561 2692; x_wconf 85' lang='lat' dir='ltr'>legendum</span> <span class='ocrx_word' id='word_1_234' title='bbox 580 2619 613 2682; x_wconf 88' lang='lat' dir='ltr'>ct,</span> <span class='ocrx_word' id='word_1_235' title='bbox 632 2635 686 2690; x_wconf 90' lang='lat' dir='ltr'>pro</span> <span class='ocrx_word' id='word_1_236' title='bbox 705 2617 809 2674; x_wconf 66' lang='lat' dir='ltr'>coatus</span> <span class='ocrx_word' id='word_1_237' title='bbox 828 2617 931 2674; x_wconf 89' lang='lat' dir='ltr'>autem</span> <span class='ocrx_word' id='word_1_238' title='bbox 943 2615 1112 2674; x_wconf 86' lang='lat' dir='ltr'>Haloaudri</span> <span class='ocrx_word' id='word_1_239' title='bbox 1129 2615 1337 2675; x_wconf 84' lang='lat' dir='ltr'>emendatione</span> 
     </span>
     <span class='ocr_line' id='line_1_27' title="bbox 159 2701 1338 2785; baseline -0.001 -22"><span class='ocrx_word' id='word_1_240' title='bbox 159 2706 287 2782; x_wconf 86' lang='lat' dir='ltr'>probata</span> <span class='ocrx_word' id='word_1_241' title='bbox 316 2707 434 2772; x_wconf 83' lang='lat' dir='ltr'>rcctc&#39;us,</span> <span class='ocrx_word' id='word_1_242' title='bbox 466 2722 652 2780; x_wconf 87' lang='lat' dir='ltr'>quamquam</span> <span class='ocrx_word' id='word_1_243' title='bbox 679 2704 775 2764; x_wconf 81' lang='lat' dir='ltr'>versio</span> <span class='ocrx_word' id='word_1_244' title='bbox 805 2704 918 2764; x_wconf 83' lang='lat' dir='ltr'>Graeca</span> <span class='ocrx_word' id='word_1_245' title='bbox 946 2704 1085 2763; x_wconf 82' lang='lat' dir='ltr'>exhibeat</span> <span class='ocrx_word' id='word_1_246' title='bbox 1110 2701 1338 2785; x_wconf 74' lang='grc' dir='ltr'><strong><em>ἀσφαλέστερον.</em></strong></span> 
     </span>
     <span class='ocr_line' id='line_1_28' title="bbox 160 2792 1338 2872; baseline -0.001 -18"><span class='ocrx_word' id='word_1_247' title='bbox 160 2795 217 2854; x_wconf 86' lang='lat' dir='ltr'>Sed</span> <span class='ocrx_word' id='word_1_248' title='bbox 240 2795 446 2854; x_wconf 87' lang='lat' dir='ltr'>commendare</span> <span class='ocrx_word' id='word_1_249' title='bbox 470 2793 543 2869; x_wconf 93' lang='lat' dir='ltr'>quid</span> <span class='ocrx_word' id='word_1_250' title='bbox 565 2796 690 2872; x_wconf 84' lang='lat' dir='ltr'>rectum,</span> <span class='ocrx_word' id='word_1_251' title='bbox 714 2794 788 2870; x_wconf 92' lang='lat' dir='ltr'>quid</span> <span class='ocrx_word' id='word_1_252' title='bbox 810 2794 980 2854; x_wconf 91' lang='lat' dir='ltr'>modestum</span> <span class='ocrx_word' id='word_1_253' title='bbox 1002 2793 1051 2872; x_wconf 82' lang='lat' dir='ltr'>sit,</span> <span class='ocrx_word' id='word_1_254' title='bbox 1074 2793 1112 2852; x_wconf 82' lang='lat' dir='ltr'>ab</span> <span class='ocrx_word' id='word_1_255' title='bbox 1135 2792 1244 2854; x_wconf 87' lang='lat' dir='ltr'>officiis</span> <span class='ocrx_word' id='word_1_256' title='bbox 1263 2794 1338 2853; x_wconf 88' lang='lat' dir='ltr'>iuris</span> 
     </span>
     <span class='ocr_line' id='line_1_29' title="bbox 159 2882 1338 2962; baseline -0.002 -19"><span class='ocrx_word' id='word_1_257' title='bbox 159 2884 289 2943; x_wconf 88' lang='lat' dir='ltr'>consulti</span> <span class='ocrx_word' id='word_1_258' title='bbox 313 2884 445 2943; x_wconf 91' lang='lat' dir='ltr'>edictum</span> <span class='ocrx_word' id='word_1_259' title='bbox 467 2885 647 2958; x_wconf 86' lang='lat' dir='ltr'>perpetuum</span> <span class='ocrx_word' id='word_1_260' title='bbox 674 2883 852 2958; x_wconf 85' lang='lat' dir='ltr'>explicantis</span> <span class='ocrx_word' id='word_1_261' title='bbox 879 2883 1032 2962; x_wconf 88' lang='lat' dir='ltr'>abhorret,</span> <span class='ocrx_word' id='word_1_262' title='bbox 1060 2882 1173 2959; x_wconf 91' lang='lat' dir='ltr'>quippe</span> <span class='ocrx_word' id='word_1_263' title='bbox 1201 2883 1255 2960; x_wconf 91' lang='lat' dir='ltr'>qui</span> <span class='ocrx_word' id='word_1_264' title='bbox 1277 2903 1338 2943; x_wconf 90' lang='lat' dir='ltr'>non</span> 
     </span>
     <span class='ocr_line' id='line_1_30' title="bbox 160 2971 1338 3050; baseline 0.002 -20"><span class='ocrx_word' id='word_1_265' title='bbox 160 2976 320 3049; x_wconf 88' lang='lat' dir='ltr'>praecepta</span> <span class='ocrx_word' id='word_1_266' title='bbox 343 2972 513 3032; x_wconf 88' lang='lat' dir='ltr'>bominibus</span> <span class='ocrx_word' id='word_1_267' title='bbox 536 2991 660 3031; x_wconf 85' lang='lat' dir='ltr'>uxorem</span> <span class='ocrx_word' id='word_1_268' title='bbox 678 2972 806 3032; x_wconf 89' lang='lat' dir='ltr'>ducendi</span> <span class='ocrx_word' id='word_1_269' title='bbox 829 2972 946 3049; x_wconf 91' lang='lat' dir='ltr'>cupidis</span> <span class='ocrx_word' id='word_1_270' title='bbox 964 2971 1141 3050; x_wconf 87' lang='lat' dir='ltr'>conscribat,</span> <span class='ocrx_word' id='word_1_271' title='bbox 1164 2972 1217 3032; x_wconf 85' lang='lat' dir='ltr'>sed</span> <span class='ocrx_word' id='word_1_272' title='bbox 1234 2973 1338 3032; x_wconf 82' lang='lat' dir='ltr'>matri·</span> 
     </span>
     <span class='ocr_line' id='line_1_31' title="bbox 159 3061 890 3139; baseline 0 -19"><span class='ocrx_word' id='word_1_273' title='bbox 159 3062 259 3122; x_wconf 91' lang='lat' dir='ltr'>monio</span> <span class='ocrx_word' id='word_1_274' title='bbox 283 3061 358 3122; x_wconf 87' lang='lat' dir='ltr'>inito</span> <span class='ocrx_word' id='word_1_275' title='bbox 383 3061 456 3138; x_wconf 90' lang='lat' dir='ltr'>quid</span> <span class='ocrx_word' id='word_1_276' title='bbox 478 3061 553 3119; x_wconf 92' lang='lat' dir='ltr'>iuris</span> <span class='ocrx_word' id='word_1_277' title='bbox 577 3061 624 3139; x_wconf 88' lang='lat' dir='ltr'>sit,</span> <span class='ocrx_word' id='word_1_278' title='bbox 649 3064 783 3137; x_wconf 88' lang='lat' dir='ltr'>quaerat</span> <span class='ocrx_word' id='word_1_279' title='bbox 886 3123 890 3129; x_wconf 67' lang='grc'>,</span> 
     </span>
    </p>

    <p class='ocr_par' dir='ltr' id='par_1_5' title="bbox 155 3149 1343 4563">
     <span class='ocr_line' id='line_1_32' title="bbox 250 3149 1340 3228; baseline 0.001 -18"><span class='ocrx_word' id='word_1_280' title='bbox 250 3151 308 3210; x_wconf 83' lang='lat' dir='ltr'>Sed</span> <span class='ocrx_word' id='word_1_281' title='bbox 326 3151 408 3226; x_wconf 91' lang='lat' dir='ltr'>quod</span> <span class='ocrx_word' id='word_1_282' title='bbox 431 3169 522 3226; x_wconf 85' lang='lat' dir='ltr'>supra</span> <span class='ocrx_word' id='word_1_283' title='bbox 545 3149 620 3208; x_wconf 88' lang='lat' dir='ltr'>iuris</span> <span class='ocrx_word' id='word_1_284' title='bbox 644 3153 781 3210; x_wconf 89' lang='lat' dir='ltr'>auctores</span> <span class='ocrx_word' id='word_1_285' title='bbox 800 3150 1004 3209; x_wconf 87' lang='lat' dir='ltr'>locutionibus</span> <span class='ocrx_word' id='word_1_286' title='bbox 1021 3150 1124 3226; x_wconf 87' lang='lat' dir='ltr'>pravis</span> <span class='ocrx_word' id='word_1_287' title='bbox 1141 3150 1340 3228; x_wconf 80' lang='lat' dir='ltr'>barbarisque</span> 
     </span>
     <span class='ocr_line' id='line_1_33' title="bbox 159 3239 1338 3318; baseline 0.001 -20"><span class='ocrx_word' id='word_1_288' title='bbox 159 3260 219 3300; x_wconf 90' lang='lat' dir='ltr'>non</span> <span class='ocrx_word' id='word_1_289' title='bbox 238 3259 354 3315; x_wconf 91' lang='lat' dir='ltr'>semper</span> <span class='ocrx_word' id='word_1_290' title='bbox 373 3240 552 3298; x_wconf 85' lang='lat' dir='ltr'>abstinuisse</span> <span class='ocrx_word' id='word_1_291' title='bbox 566 3239 704 3318; x_wconf 84' lang='lat' dir='ltr'>diximus,</span> <span class='ocrx_word' id='word_1_292' title='bbox 723 3258 803 3299; x_wconf 89' lang='lat' dir='ltr'>nunc</span> <span class='ocrx_word' id='word_1_293' title='bbox 817 3258 871 3300; x_wconf 93' lang='lat' dir='ltr'>nos</span> <span class='ocrx_word' id='word_1_294' title='bbox 886 3239 1028 3316; x_wconf 87' lang='lat' dir='ltr'>exemplis</span> <span class='ocrx_word' id='word_1_295' title='bbox 1041 3239 1196 3299; x_wconf 83' lang='lat' dir='ltr'>illustrare</span> <span class='ocrx_word' id='word_1_296' title='bbox 1210 3244 1338 3317; x_wconf 87' lang='lat' dir='ltr'>oportet.</span> 
     </span>
     <span class='ocr_line' id='line_1_34' title="bbox 159 3329 1340 3407; baseline 0 -19"><span class='ocrx_word' id='word_1_297' title='bbox 159 3330 204 3388; x_wconf 89' lang='lat' dir='ltr'>Ac</span> <span class='ocrx_word' id='word_1_298' title='bbox 223 3329 343 3388; x_wconf 87' lang='lat' dir='ltr'>dativus</span> <span class='ocrx_word' id='word_1_299' title='bbox 367 3329 503 3388; x_wconf 87' lang='lat' dir='ltr'>feminini</span> <span class='ocrx_word' id='word_1_300' title='bbox 526 3329 643 3406; x_wconf 85' lang='lat' dir='ltr'>generis</span> <span class='ocrx_word' id='word_1_301' title='bbox 665 3329 851 3405; x_wconf 89' lang='lat' dir='ltr'>pronominis</span> <span class='ocrx_word' id='word_1_302' title='bbox 875 3331 958 3388; x_wconf 79' lang='lat' dir='ltr'>auubo</span> <span class='ocrx_word' id='word_1_303' title='bbox 982 3331 1070 3389; x_wconf 88' lang='lat' dir='ltr'>sonat</span> <span class='ocrx_word' id='word_1_304' title='bbox 1093 3330 1233 3389; x_wconf 78' lang='lat' dir='ltr'>ambobus</span> <span class='ocrx_word' id='word_1_305' title='bbox 1257 3330 1340 3407; x_wconf 83' lang='lat' dir='ltr'>apud</span> 
     </span>
     <span class='ocr_line' id='line_1_35' title="bbox 160 3418 1340 3498; baseline 0.002 -21"><span class='ocrx_word' id='word_1_306' title='bbox 160 3419 262 3494; x_wconf 91' lang='lat' dir='ltr'>Pomp.</span> <span class='ocrx_word' id='word_1_307' title='bbox 280 3421 330 3496; x_wconf 85' lang='lat'>30,</span> <span class='ocrx_word' id='word_1_308' title='bbox 346 3421 397 3495; x_wconf 88' lang='grc'>36,</span> <span class='ocrx_word' id='word_1_309' title='bbox 411 3439 453 3494; x_wconf 91' lang='lat' dir='ltr'>pr.</span> <span class='ocrx_word' id='word_1_310' title='bbox 470 3423 496 3477; x_wconf 86' lang='lat' dir='ltr'>et</span> <span class='ocrx_word' id='word_1_311' title='bbox 508 3419 572 3477; x_wconf 77' lang='lat' dir='ltr'>idco</span> <span class='ocrx_word' id='word_1_312' title='bbox 586 3435 750 3478; x_wconf 78' lang='lat' dir='ltr'>uuuuucs</span> <span class='ocrx_word' id='word_1_313' title='bbox 764 3420 930 3478; x_wconf 83' lang='lat' dir='ltr'>ambobus</span> <span class='ocrx_word' id='word_1_314' title='bbox 944 3436 1012 3487; x_wconf 89' lang='lat' dir='ltr'>csse,</span> <span class='ocrx_word' id='word_1_315' title='bbox 1027 3421 1058 3477; x_wconf 89' lang='lat' dir='ltr'>et</span> <span class='ocrx_word' id='word_1_316' title='bbox 1071 3418 1245 3498; x_wconf 64' lang='lat' dir='ltr'>dipsas,</span> <span class='ocrx_word' id='word_1_317' title='bbox 1257 3423 1340 3498; x_wconf 87' lang='grc'>1,16</span> 
     </span>
     <span class='ocr_line' id='line_1_36' title="bbox 161 3502 1341 3580; baseline 0.003 -15"><span class='ocrx_word' id='word_1_318' title='bbox 161 3510 284 3566; x_wconf 77' lang='lat' dir='ltr'>edictum</span> <span class='ocrx_word' id='word_1_319' title='bbox 307 3509 474 3567; x_wconf 89' lang='lat' dir='ltr'>arubobus</span> <span class='ocrx_word' id='word_1_320' title='bbox 497 3508 629 3580; x_wconf 69' lang='lat' dir='ltr'>sufficiet.</span> <span class='ocrx_word' id='word_1_321' title='bbox 664 3507 735 3567; x_wconf 77' lang='lat' dir='ltr'>Gen.</span> <span class='ocrx_word' id='word_1_322' title='bbox 755 3508 837 3567; x_wconf 90' lang='lat' dir='ltr'>Plur.</span> <span class='ocrx_word' id='word_1_323' title='bbox 861 3508 943 3568; x_wconf 85' lang='lat' dir='ltr'>vocis</span> <span class='ocrx_word' id='word_1_324' title='bbox 967 3509 1016 3566; x_wconf 92' lang='lat' dir='ltr'>bos</span> <span class='ocrx_word' id='word_1_325' title='bbox 1034 3507 1066 3566; x_wconf 92' lang='lat' dir='ltr'>in</span> <span class='ocrx_word' id='word_1_326' title='bbox 1084 3502 1126 3566; x_wconf 65' lang='grc' dir='ltr'>Ι11</span> <span class='ocrx_word' id='word_1_327' title='bbox 1151 3509 1261 3568; x_wconf 80' lang='lat' dir='ltr'>bubum</span> <span class='ocrx_word' id='word_1_328' title='bbox 1278 3512 1341 3569; x_wconf 84' lang='lat' dir='ltr'>tra·</span> 
     </span>
     <span class='ocr_line' id='line_1_37' title="bbox 160 3597 1342 3674; baseline 0.003 -19"><span class='ocrx_word' id='word_1_329' title='bbox 160 3597 244 3655; x_wconf 90' lang='lat' dir='ltr'>ditur</span> <span class='ocrx_word' id='word_1_330' title='bbox 267 3597 348 3672; x_wconf 92' lang='lat' dir='ltr'>apud</span> <span class='ocrx_word' id='word_1_331' title='bbox 370 3597 438 3672; x_wconf 90' lang='lat' dir='ltr'>Ulp.</span> <span class='ocrx_word' id='word_1_332' title='bbox 461 3599 511 3674; x_wconf 92' lang='grc'>32,</span> <span class='ocrx_word' id='word_1_333' title='bbox 527 3598 578 3674; x_wconf 87' lang='lat'>55,</span> <span class='ocrx_word' id='word_1_334' title='bbox 594 3600 626 3656; x_wconf 84' lang='lat'>6:</span> <span class='ocrx_word' id='word_1_335' title='bbox 651 3599 684 3655; x_wconf 82' lang='lat' dir='ltr'>iu</span> <span class='ocrx_word' id='word_1_336' title='bbox 702 3599 876 3670; x_wconf 78' lang='lat' dir='ltr'>quibusdum</span> <span class='ocrx_word' id='word_1_337' title='bbox 889 3599 1052 3672; x_wconf 76' lang='lat' dir='ltr'>proruatis</span> <span class='ocrx_word' id='word_1_338' title='bbox 1071 3601 1097 3656; x_wconf 89' lang='lat' dir='ltr'>ct</span> <span class='ocrx_word' id='word_1_339' title='bbox 1115 3597 1194 3656; x_wconf 70' lang='lat' dir='ltr'>editu</span> <span class='ocrx_word' id='word_1_340' title='bbox 1212 3598 1342 3658; x_wconf 78' lang='lat' dir='ltr'>bubum</span> 
     </span>
     <span class='ocr_line' id='line_1_38' title="bbox 162 3685 1342 3762; baseline 0.001 -16"><span class='ocrx_word' id='word_1_341' title='bbox 162 3689 201 3746; x_wconf 85' lang='lat' dir='ltr'>ud</span> <span class='ocrx_word' id='word_1_342' title='bbox 227 3688 303 3745; x_wconf 82' lang='lat' dir='ltr'>boue</span> <span class='ocrx_word' id='word_1_343' title='bbox 329 3703 391 3745; x_wconf 88' lang='lat' dir='ltr'>reru</span> <span class='ocrx_word' id='word_1_344' title='bbox 417 3690 552 3754; x_wconf 89' lang='lat' dir='ltr'>utuutur,</span> <span class='ocrx_word' id='word_1_345' title='bbox 582 3685 662 3760; x_wconf 90' lang='lat' dir='ltr'>quod</span> <span class='ocrx_word' id='word_1_346' title='bbox 690 3686 812 3762; x_wconf 90' lang='lat' dir='ltr'>quidem</span> <span class='ocrx_word' id='word_1_347' title='bbox 842 3705 860 3745; x_wconf 87' lang='lat' dir='ltr'>a</span> <span class='ocrx_word' id='word_1_348' title='bbox 889 3686 1020 3746; x_wconf 86' lang='lat' dir='ltr'>secunda</span> <span class='ocrx_word' id='word_1_349' title='bbox 1049 3704 1143 3746; x_wconf 92' lang='lat' dir='ltr'>manu</span> <span class='ocrx_word' id='word_1_350' title='bbox 1170 3685 1205 3745; x_wconf 90' lang='lat' dir='ltr'>in</span> <span class='ocrx_word' id='word_1_351' title='bbox 1234 3688 1342 3747; x_wconf 77' lang='lat' dir='ltr'>bouum</span> 
     </span>
     <span class='ocr_line' id='line_1_39' title="bbox 161 3775 1338 3856; baseline -0.001 -20"><span class='ocrx_word' id='word_1_352' title='bbox 161 3779 327 3836; x_wconf 87' lang='lat' dir='ltr'>correctum</span> <span class='ocrx_word' id='word_1_353' title='bbox 351 3778 403 3834; x_wconf 91' lang='lat' dir='ltr'>est.</span> <span class='ocrx_word' id='word_1_354' title='bbox 452 3775 614 3835; x_wconf 78' lang='lat' dir='ltr'>Genetivus</span> <span class='ocrx_word' id='word_1_355' title='bbox 639 3775 821 3835; x_wconf 85' lang='lat' dir='ltr'>substantivi</span> <span class='ocrx_word' id='word_1_356' title='bbox 844 3777 889 3835; x_wconf 83' lang='lat' dir='ltr'>cis</span> <span class='ocrx_word' id='word_1_357' title='bbox 916 3776 998 3851; x_wconf 90' lang='lat' dir='ltr'>apud</span> <span class='ocrx_word' id='word_1_358' title='bbox 1020 3775 1187 3852; x_wconf 84' lang='lat' dir='ltr'>Ulpianum</span> <span class='ocrx_word' id='word_1_359' title='bbox 1209 3777 1246 3855; x_wconf 87' lang='grc'>4,</span> <span class='ocrx_word' id='word_1_360' title='bbox 1266 3779 1338 3856; x_wconf 89' lang='grc'>2,1</span> 
     </span>
     <span class='ocr_line' id='line_1_40' title="bbox 160 3865 1341 3943; baseline 0.001 -19"><span class='ocrx_word' id='word_1_361' title='bbox 160 3865 206 3925; x_wconf 92' lang='lat' dir='ltr'>bis</span> <span class='ocrx_word' id='word_1_362' title='bbox 224 3865 350 3943; x_wconf 85' lang='lat' dir='ltr'>legitur:</span> <span class='ocrx_word' id='word_1_363' title='bbox 374 3867 426 3924; x_wconf 83' lang='lat' dir='ltr'>ou&#39;s</span> <span class='ocrx_word' id='word_1_364' title='bbox 446 3868 522 3924; x_wconf 81' lang='lat' dir='ltr'>cuiu</span> <span class='ocrx_word' id='word_1_365' title='bbox 539 3865 628 3937; x_wconf 71' lang='lat' dir='ltr'>fiebat</span> <span class='ocrx_word' id='word_1_366' title='bbox 645 3867 749 3923; x_wconf 80' lang='lat' dir='ltr'>ucuuo</span> <span class='ocrx_word' id='word_1_367' title='bbox 762 3869 884 3939; x_wconf 78' lang='lat' dir='ltr'>propter</span> <span class='ocrx_word' id='word_1_368' title='bbox 901 3867 1098 3924; x_wconf 83' lang='lat' dir='ltr'>uccessttateu</span> <span class='ocrx_word' id='word_1_369' title='bbox 1116 3867 1172 3924; x_wconf 83' lang='lat' dir='ltr'>eta.</span> <span class='ocrx_word' id='word_1_370' title='bbox 1196 3867 1228 3924; x_wconf 90' lang='lat' dir='ltr'>et</span> <span class='ocrx_word' id='word_1_371' title='bbox 1245 3866 1341 3942; x_wconf 84' lang='lat' dir='ltr'>paulo</span> 
     </span>
     <span class='ocr_line' id='line_1_41' title="bbox 160 3953 1341 4032; baseline 0.001 -18"><span class='ocrx_word' id='word_1_372' title='bbox 160 3958 242 4031; x_wconf 90' lang='lat' dir='ltr'>post:</span> <span class='ocrx_word' id='word_1_373' title='bbox 261 3955 312 4013; x_wconf 84' lang='lat' dir='ltr'>scd</span> <span class='ocrx_word' id='word_1_374' title='bbox 320 3959 423 4028; x_wconf 82' lang='lat' dir='ltr'>postca</span> <span class='ocrx_word' id='word_1_375' title='bbox 437 3956 567 4014; x_wconf 85' lang='lat' dir='ltr'>detracto</span> <span class='ocrx_word' id='word_1_376' title='bbox 581 3957 623 4012; x_wconf 90' lang='lat' dir='ltr'>est</span> <span class='ocrx_word' id='word_1_377' title='bbox 639 3956 693 4013; x_wconf 85' lang='lat' dir='ltr'>ots</span> <span class='ocrx_word' id='word_1_378' title='bbox 710 3957 815 4013; x_wconf 84' lang='lat' dir='ltr'>rucutc&#39;o</span> <span class='ocrx_word' id='word_1_379' title='bbox 828 3955 892 4013; x_wconf 83' lang='lat' dir='ltr'>uteo</span> <span class='ocrx_word' id='word_1_380' title='bbox 906 3957 961 4013; x_wconf 90' lang='lat' dir='ltr'>etc.</span> <span class='ocrx_word' id='word_1_381' title='bbox 994 3953 1155 4014; x_wconf 85' lang='lat' dir='ltr'>Ablativus</span> <span class='ocrx_word' id='word_1_382' title='bbox 1174 3953 1341 4032; x_wconf 80' lang='lat' dir='ltr'>singularis</span> 
     </span>
     <span class='ocr_line' id='line_1_42' title="bbox 160 4043 1340 4122; baseline 0 -19"><span class='ocrx_word' id='word_1_383' title='bbox 160 4062 242 4103; x_wconf 87' lang='lat' dir='ltr'>ruarc</span> <span class='ocrx_word' id='word_1_384' title='bbox 273 4043 420 4102; x_wconf 88' lang='lat' dir='ltr'>traditum</span> <span class='ocrx_word' id='word_1_385' title='bbox 448 4047 493 4103; x_wconf 88' lang='lat' dir='ltr'>est</span> <span class='ocrx_word' id='word_1_386' title='bbox 521 4043 586 4102; x_wconf 79' lang='lat' dir='ltr'>Gai.</span> <span class='ocrx_word' id='word_1_387' title='bbox 615 4043 654 4100; x_wconf 92' lang='lat' dir='ltr'>D.</span> <span class='ocrx_word' id='word_1_388' title='bbox 677 4045 708 4120; x_wconf 91' lang='grc'>1,</span> <span class='ocrx_word' id='word_1_389' title='bbox 729 4046 762 4121; x_wconf 89' lang='grc'>8,</span> <span class='ocrx_word' id='word_1_390' title='bbox 782 4046 815 4121; x_wconf 84' lang='grc'>5,</span> <span class='ocrx_word' id='word_1_391' title='bbox 839 4063 882 4119; x_wconf 91' lang='lat' dir='ltr'>pr.</span> <span class='ocrx_word' id='word_1_392' title='bbox 911 4043 1003 4102; x_wconf 86' lang='lat' dir='ltr'>Maec.</span> <span class='ocrx_word' id='word_1_393' title='bbox 1028 4045 1161 4122; x_wconf 80' lang='lat'>32,17,</span> <span class='ocrx_word' id='word_1_394' title='bbox 1189 4062 1234 4120; x_wconf 84' lang='lat' dir='ltr'>pr.</span> <span class='ocrx_word' id='word_1_395' title='bbox 1265 4043 1340 4103; x_wconf 83' lang='lat' dir='ltr'>Call</span> 
     </span>
     <span class='ocr_line' id='line_1_43' title="bbox 161 4131 1341 4212; baseline 0 -20"><span class='ocrx_word' id='word_1_396' title='bbox 161 4136 310 4210; x_wconf 84' lang='grc'>47,9,6.</span> <span class='ocrx_word' id='word_1_397' title='bbox 344 4133 430 4192; x_wconf 89' lang='lat' dir='ltr'>Paul.</span> <span class='ocrx_word' id='word_1_398' title='bbox 452 4136 505 4209; x_wconf 93' lang='grc'>14,</span> <span class='ocrx_word' id='word_1_399' title='bbox 527 4135 559 4210; x_wconf 92' lang='grc'>2,</span> <span class='ocrx_word' id='word_1_400' title='bbox 581 4134 652 4210; x_wconf 86' lang='grc'>2,5</span> <span class='ocrx_word' id='word_1_401' title='bbox 683 4131 857 4208; x_wconf 77' lang='lat' dir='ltr'>Sequuntur</span> <span class='ocrx_word' id='word_1_402' title='bbox 879 4132 1038 4192; x_wconf 89' lang='lat' dir='ltr'>verborum</span> <span class='ocrx_word' id='word_1_403' title='bbox 1060 4132 1176 4193; x_wconf 84' lang='lat' dir='ltr'>formae</span> <span class='ocrx_word' id='word_1_404' title='bbox 1199 4150 1219 4192; x_wconf 85' lang='lat' dir='ltr'>a</span> <span class='ocrx_word' id='word_1_405' title='bbox 1240 4152 1341 4212; x_wconf 80' lang='lat' dir='ltr'>gram·</span> 
     </span>
     <span class='ocr_line' id='line_1_44' title="bbox 161 4221 1342 4300; baseline 0.002 -21"><span class='ocrx_word' id='word_1_406' title='bbox 161 4222 341 4280; x_wconf 88' lang='lat' dir='ltr'>maticorum</span> <span class='ocrx_word' id='word_1_407' title='bbox 359 4222 526 4298; x_wconf 88' lang='lat' dir='ltr'>praeceptis</span> <span class='ocrx_word' id='word_1_408' title='bbox 549 4221 749 4281; x_wconf 85' lang='lat' dir='ltr'>dissonantes:</span> <span class='ocrx_word' id='word_1_409' title='bbox 773 4222 858 4280; x_wconf 86' lang='lat' dir='ltr'>Paul.</span> <span class='ocrx_word' id='word_1_410' title='bbox 883 4222 919 4280; x_wconf 90' lang='lat' dir='ltr'>D.</span> <span class='ocrx_word' id='word_1_411' title='bbox 946 4224 996 4300; x_wconf 88' lang='lat'>11,</span> <span class='ocrx_word' id='word_1_412' title='bbox 1013 4224 1040 4300; x_wconf 90' lang='lat'>1,</span> <span class='ocrx_word' id='word_1_413' title='bbox 1055 4224 1098 4281; x_wconf 89' lang='grc'>43</span> <span class='ocrx_word' id='word_1_414' title='bbox 1121 4223 1148 4280; x_wconf 76' lang='lat' dir='ltr'>si</span> <span class='ocrx_word' id='word_1_415' title='bbox 1169 4222 1204 4280; x_wconf 75' lang='lat' dir='ltr'>iu</span> <span class='ocrx_word' id='word_1_416' title='bbox 1225 4224 1342 4282; x_wconf 62' lang='lat' dir='ltr'>mutum</span> 
     </span>
     <span class='ocr_line' id='line_1_45' title="bbox 155 4307 1342 4390; baseline 0.003 -22"><span class='ocrx_word' id='word_1_417' title='bbox 155 4314 285 4384; x_wconf 81' lang='lat' dir='ltr'>pretium</span> <span class='ocrx_word' id='word_1_418' title='bbox 317 4313 498 4371; x_wconf 76' lang='lat' dir='ltr'>excedisse</span> <span class='ocrx_word' id='word_1_419' title='bbox 527 4328 687 4385; x_wconf 78' lang='lat' dir='ltr'>proponas.</span> <span class='ocrx_word' id='word_1_420' title='bbox 733 4311 792 4368; x_wconf 89' lang='lat' dir='ltr'>Alf.</span> <span class='ocrx_word' id='word_1_421' title='bbox 817 4311 852 4369; x_wconf 90' lang='lat' dir='ltr'>D.</span> <span class='ocrx_word' id='word_1_422' title='bbox 877 4314 933 4389; x_wconf 85' lang='grc'>41,</span> <span class='ocrx_word' id='word_1_423' title='bbox 955 4315 987 4390; x_wconf 93' lang='lat'>1,</span> <span class='ocrx_word' id='word_1_424' title='bbox 1007 4313 1048 4370; x_wconf 89' lang='grc'>38</span> <span class='ocrx_word' id='word_1_425' title='bbox 1081 4307 1182 4369; x_wconf 79' lang='lat' dir='ltr'>Attius</span> <span class='ocrx_word' id='word_1_426' title='bbox 1211 4311 1342 4384; x_wconf 75' lang='lat' dir='ltr'>fundum</span> 
     </span>
     <span class='ocr_line' id='line_1_46' title="bbox 160 4400 1342 4477; baseline 0.003 -21"><span class='ocrx_word' id='word_1_427' title='bbox 160 4400 282 4458; x_wconf 85' lang='lat' dir='ltr'>bcbcbot</span> <span class='ocrx_word' id='word_1_428' title='bbox 309 4402 467 4459; x_wconf 77' lang='lat' dir='ltr'>secuudum</span> <span class='ocrx_word' id='word_1_429' title='bbox 493 4403 573 4459; x_wconf 85' lang='lat' dir='ltr'>uc&#39;au</span> <span class='ocrx_word' id='word_1_430' title='bbox 589 4401 755 4474; x_wconf 81' lang='lat' dir='ltr'>publicoru:</span> <span class='ocrx_word' id='word_1_431' title='bbox 782 4401 862 4458; x_wconf 84' lang='lat' dir='ltr'>ultra</span> <span class='ocrx_word' id='word_1_432' title='bbox 889 4401 969 4459; x_wconf 81' lang='lat' dir='ltr'>aiau</span> <span class='ocrx_word' id='word_1_433' title='bbox 994 4401 1104 4472; x_wconf 78' lang='lat' dir='ltr'>fleuucu</span> <span class='ocrx_word' id='word_1_434' title='bbox 1131 4402 1195 4459; x_wconf 83' lang='lat' dir='ltr'>crat</span> <span class='ocrx_word' id='word_1_435' title='bbox 1221 4404 1249 4459; x_wconf 86' lang='lat' dir='ltr'>ct</span> <span class='ocrx_word' id='word_1_436' title='bbox 1269 4418 1342 4477; x_wconf 77' lang='lat' dir='ltr'>apro</span> 
     </span>
     <span class='ocr_line' id='line_1_47' title="bbox 162 4488 1343 4563; baseline 0.003 -17"><span class='ocrx_word' id='word_1_437' title='bbox 162 4488 250 4547; x_wconf 80' lang='lat' dir='ltr'>Juu·</span> <span class='ocrx_word' id='word_1_438' title='bbox 271 4489 355 4547; x_wconf 80' lang='lat' dir='ltr'>Titii:</span> <span class='ocrx_word' id='word_1_439' title='bbox 377 4490 465 4561; x_wconf 70' lang='lat' dir='ltr'>scau</span> <span class='ocrx_word' id='word_1_440' title='bbox 482 4492 591 4561; x_wconf 63' lang='lat' dir='ltr'>uruca</span> <span class='ocrx_word' id='word_1_441' title='bbox 604 4489 753 4562; x_wconf 79' lang='lat' dir='ltr'>paulatim</span> <span class='ocrx_word' id='word_1_442' title='bbox 765 4491 899 4562; x_wconf 82' lang='lat' dir='ltr'>primum</span> <span class='ocrx_word' id='word_1_443' title='bbox 916 4491 1046 4548; x_wconf 81' lang='lat' dir='ltr'>oruuu&#39;ucu</span> <span class='ocrx_word' id='word_1_444' title='bbox 1063 4505 1178 4563; x_wconf 68' lang='lat' dir='ltr'>aarum,</span> <span class='ocrx_word' id='word_1_445' title='bbox 1196 4490 1249 4563; x_wconf 73' lang='lat' dir='ltr'>qui</span> <span class='ocrx_word' id='word_1_446' title='bbox 1264 4491 1343 4549; x_wconf 71' lang='lat' dir='ltr'>iuter</span> 
     </span>
    </p>
   </div>
   <div class='ocr_carea' id='block_1_5' title="bbox 0 0 1505 5002">
    <p class='ocr_par' dir='ltr' id='par_1_6' title="bbox 0 0 1505 5002">
     <span class='ocr_line' id='line_1_48' title="bbox 0 0 1505 5002; baseline 0 0"><span class='ocrx_word' id='word_1_447' title='bbox 0 0 1505 5002; x_wconf 95' lang='lat' dir='ltr'> </span> 
     </span>
    </p>
   </div>
  </div>
 </body>
</html>
