2986 5002
621 275 860 337 -209-

151 441 282 512 posuerit
305 442 331 495 et
354 455 419 496 oum
442 439 477 495 de
505 455 535 496 eo
563 439 684 511 depositi
711 441 853 497 temeretur
880 441 1035 497 destiuooit
1058 457 1122 497 eum
1147 441 1252 498 71171111
1270 458 1328 513 pro
1427 434 1431 442 ’

156 547 219 596 suo,
250 527 343 586 verba
370 525 449 584 Celsi
475 527 507 584 in
534 527 613 585 hunc
641 527 764 586 modum
791 528 942 586 emendat:
971 546 1023 586 uee
1049 530 1150 600 refert,
1180 531 1213 587 iu
1239 531 1327 602 dipito

155 619 257 676 hobeot
280 617 403 674 ouulum
426 635 467 674 ou
493 617 710 691 dactyliothece,
739 634 822 689 quem
844 619 970 690 deposito
998 621 1115 684 teueret,
1143 619 1248 676 tubere
1269 635 1327 692 pro

156 725 206 765 suo
233 707 432 764 destiuuoerit
474 705 655 783 Largiamur
681 705 746 765 viro
773 705 945 765 doctissimo
972 706 1044 765 haec
1072 709 1154 764 recta
1184 704 1260 782 esse,
1290 727 1327 765 nc

156 799 219 853 tum
247 794 370 870 quidem
396 795 617 869 praepositione
645 797 678 852 iu
706 813 804 854 carere
828 795 1005 872 poterimuS,
1034 815 1111 871 quae
1139 799 1175 852 ut
1197 799 1265 871 post
1288 815 1328 854 ou

158 885 356 960 omitteretur,
384 883 527 942 facillime
554 883 619 942 fieri
646 883 748 958 potuit
775 876 863 965 (ani).
911 885 968 943 Sed
991 885 1076 944 nobis
1102 885 1193 943 verba
1215 885 1328 942 tradita

158 973 279 1049 propius
317 973 355 1030 ad
388 972 554 1031 versionem
586 973 731 1032 Graecam
768 973 904 1032 accedere
937 974 1089 1052 videntur,
1127 993 1218 1049 quam
1251 993 1327 1050 quae

158 1064 356 1121 Mommsenus
380 1061 569 1139 excogitavit.
617 1061 649 1120 si
673 1062 740 1137 quis
763 1064 865 1121 tamen
888 1066 1011 1138 propter
1033 1063 1213 1123 scholiorum
1237 1063 1327 1122 Grae-

158 1171 257 1210 corum
280 1151 439 1210 lectionem
458 1144 574 1227 aliquid
592 1151 772 1209 mutandum
790 1170 853 1210 csse
872 1155 999 1229 censeat,
1023 1152 1151 1230 vestigia
1169 1153 1328 1211 verborum

158 1241 337 1300 traditorum
350 1243 517 1315 prementes
532 1230 651 1298 Celsum
665 1240 707 1298 sio
721 1240 782 1298 fere
797 1240 948 1315 scripsisse
964 1243 1143 1300 statuemus:
1162 1259 1214 1299 uec
1231 1243 1326 1314 refert,

159 1332 188 1388 iu
208 1332 297 1402 dicito
315 1324 421 1388 hobeitt
438 1330 561 1387 uuulum
579 1348 620 1388 ou
638 1324 712 1406 (iu)
733 1330 936 1404 dactyliothece
955 1325 1137 1408 <posuerit>,
1162 1348 1245 1403 quem
1264 1349 1328 1389 eum

159 1421 276 1492 depositi
299 1422 450 1485 teueretur,
473 1419 577 1477 tubere
595 1436 652 1492 pro
675 1436 727 1476 suo
751 1419 944 1477 destiuooerit.
983 1419 1040 1477 Sed
1063 1420 1177 1478 dehac
1200 1439 1231 1478 re
1250 1421 1328 1478 alius

160 1509 242 1567 aliter
269 1507 393 1582 sentiat,
421 1507 477 1566 hoc
504 1527 600 1565 unum
627 1526 769 1584 urgemus
793 1510 823 1566 et
851 1510 999 1585 tenemuS,
1032 1511 1101 1567 ante
1126 1510 1329 1583 dactyliothece

160 1596 406 1672 praepositionem
429 1596 616 1655 inserendam
639 1615 710 1655 esse.
741 1629 780 1670 -ὴ
805 1597 907 1655 Etiam
931 1598 1012 1673 apud
1034 1597 1187 1656 lulianum
1212 1602 1239 1675 7,
1261 1602 1288 1677 6,
1309 1601 1328 1656 4

160 1687 278 1745 verbum
296 1685 438 1744 excidisse
457 1686 598 1763 arbitror,
622 1685 770 1743 traditum
787 1686 829 1743 ibi
849 1689 905 1744 est:
926 1689 996 1759 quio
1009 1691 1096 1759 poter
1114 1687 1246 1759 fomilius
1265 1705 1329 1746 oum

161 1777 278 1834 durneto
301 1793 360 1834 usu
381 1776 481 1847 fructu
497 1776 625 1857 foetidum
644 1776 719 1848 tepet
737 1779 763 1832 et
780 1776 833 1833 1777
850 1776 1065 1847 usumfructum
1083 1777 1136 1833 suh
1156 1777 1328 1844 mudioioue,

160 1883 212 1923 uou
238 1866 289 1922 hoe
312 1867 385 1938 opit,
414 1868 447 1922 ut
474 1867 527 1922 eto.
574 1864 803 1922 Emendandum
830 1866 887 1921 est:
917 1882 981 1922 cum
1004 1866 1128 1923 detrecto
1151 1883 1208 1922 usu
1230 1866 1329 1937 fructu

162 1950 249 2031 (uui)
267 1955 396 2026 fuudum
414 1954 490 2026 lepot
503 1957 529 2011 et
542 1954 595 2011 ulii
609 1971 696 2011 usum
713 1954 842 2024 fructum
860 1956 914 2012 etc.
942 1986 979 1992 —
1005 1953 1073 2012 Una
1091 1953 1193 2011 littera
1212 1954 1329 2012 adiecta

161 2043 322 2101 restituisse
346 2042 509 2119 genuinam
531 2042 690 2102 lectionem
709 2042 783 2099 mihi
801 2042 911 2119 videor,
936 2042 1017 2117 apud
1039 2043 1131 2102 lavel.
1154 2046 1205 2120 38,
1225 2046 1253 2120 2,
1275 2047 1329 2103 36:

162 2150 214 2190 uou
237 2149 302 2205 erpo
325 2133 389 2190 ideo
411 2133 510 2190 miuus
532 2132 637 2190 71171111
655 2133 735 2190 debet
752 2133 800 2190 ius
812 2133 955 2205 peteudue
975 2134 1113 2190 bouorum
1126 2134 1329 2204 possessiouis,

162 2224 216 2293 qui
238 2224 336 2280 ouimo
350 2223 459 2293 potius,
483 2239 571 2293 quom
595 2222 721 2279 oliorum
744 2223 952 2294 eomputatioue
976 2223 1051 2279 hortu
1074 2222 1167 2279 liberti
1189 2224 1329 2280 uestimot.

162 2310 386 2369 destituendum
411 2311 468 2368 est:
492 2312 562 2382 quio
585 2312 690 2368 ouium.
737 2310 814 2368 Item
837 2310 970 2368 litteram
998 2310 1189 2368 abstulerunt
1215 2311 1330 2368 librarii

162 2399 222 2475 Ulp.
238 2403 290 2476 43,
307 2401 448 2476 20,1,12
464 2399 620 2457 Praetereo
634 2399 733 2457 Lobeo
748 2401 854 2467 scribit,
870 2402 921 2458 etsi
935 2400 1055 2472 quidem
1069 2401 1172 2457 duetus
1186 2418 1331 2472 equorum

161 2506 214 2546 mu
231 2491 279 2547 sit
295 2489 392 2560 711177,
412 2490 481 2560 quio
500 2505 668 2560 quoeunque
687 2490 754 2546 duci
766 2491 890 2562 possiut,
907 2493 1002 2546 tumeu
1021 2489 1061 2546 od
1078 2489 1130 2545 hoe
1147 2491 1330 2547 iuterdietum

158 2581 304 2649 pertimere.
342 2576 495 2635 Pluralem
517 2580 577 2636 siut
597 2577 817 2636 restituendum
841 2596 903 2635 esse
927 2597 986 2636 non
1010 2578 1108 2635 solum
1131 2597 1166 2634 ex
1189 2581 1330 2652 sequente

163 2667 327 2740 praedicato
342 2669 459 2738 possiut
477 2669 610 2743 apparet,
630 2667 680 2725 sed
700 2667 790 2725 etiarn
810 2687 845 2724 ex
864 2667 997 2725 subiecto
1017 2666 1208 2723 antecedente
1228 2668 1331 2724 duetus

163 2774 308 2828 equorum.
342 2755 407 2814 Hoc
430 2755 508 2814 enirn
527 2756 603 2813 nihil
622 2756 705 2813 aliud
725 2775 815 2832 quam
835 2774 976 2814 numerus
995 2755 1121 2831 pluralis
1141 2773 1202 2813 esse
1222 2759 1329 2833 potest,

164 2864 224 2903 curn
246 2845 408 2922 singularis
427 2845 524 2903 forma
543 2845 583 2902 sit
601 2863 695 2917 oquae
713 2847 816 2904 ductus
834 2846 882 2903 vel
901 2847 1003 2904 duetus
1022 2862 1122 2918 oquae.
1156 2845 1200 2902 De
1224 2845 1331 2902 menda

163 2935 331 3009 typothetae
367 2933 498 3010 cogitare
533 2954 592 2992 non
626 2934 697 2993 licet
731 2937 852 3010 propter
881 2934 1056 2993 Mommscni
1094 2933 1330 2992 adnotationem:

165 3025 198 3082 35
218 3024 257 3081 sit
277 3020 341 3081 snol
362 3023 448 3080 fundi
462 3015 509 3080 Fb.
547 3023 645 3081 Simili
664 3024 751 3082 modo
771 3023 881 3081 dicitur
900 3023 1046 3101 singulari
1065 3042 1188 3081 numero
1208 3026 1331 3082 seruitus

165 3131 262 3184 oquae,
290 3111 404 3188 plurali
426 3114 576 3171 servitutes
600 3131 760 3185 uquarum:
791 3112 859 3186 Ulp.
882 3115 913 3189 7,
935 3115 967 3189 6,
989 3115 1028 3169 14
1057 3113 1108 3170 sed
1136 3130 1176 3170 ou
1204 3117 1228 3169 et
1255 3114 1332 3170 ulios

164 3203 292 3259 utilitates
320 3205 345 3259 17
372 3203 521 3259 servitutes
549 3204 575 3260 ei
601 3203 682 3260 heres
705 3205 859 3274 proestare
888 3202 1000 3269 debeat,
1025 3205 1102 3273 putu
1131 3201 1280 3260 homiuum
1307 3206 1332 3260 17

166 3292 322 3362 oquorum?
338 3322 379 3328 —
394 3290 485 3348 Haud
502 3311 570 3349 raro
585 3291 713 3367 legimus
728 3291 760 3346 in
774 3290 968 3366 Digestorum
982 3289 1066 3347 libris
1082 3291 1184 3368 aliqui,
1200 3291 1331 3368 aliquod,

166 3379 283 3457 aliquae,
298 3379 351 3437 ubi
365 3379 440 3436 iuris
455 3383 608 3438 auctorem
622 3380 700 3438 alius
716 3379 791 3456 quis,
812 3379 895 3436 aliud
914 3379 995 3457 quid,
1011 3379 1071 3438 alia
1086 3399 1163 3454 quae
1179 3380 1331 3455 scripsisse

167 3486 181 3524 a
200 3470 268 3528 viris
292 3468 387 3527 doctis
410 3469 597 3527 intellectum
621 3472 673 3527 est.
720 3470 813 3526 Velut
836 3468 918 3543 apud
940 3469 1081 3527 Marcian.
1102 3472 1157 3545 29,
1179 3472 1210 3545 7,
1233 3472 1264 3545 7,
1288 3489 1330 3544 pr.

168 3558 233 3616 itero
262 3563 315 3626 est,
346 3561 373 3616 si
406 3560 503 3631 utiquo
532 3560 616 3617 modo
646 3561 693 3617 ius
724 3560 882 3617 testamenti
911 3559 1040 3630 fucieudi
1069 3558 1185 3615 desierit
1214 3559 1333 3614 tubere:

168 3647 326 3705 emendavit
357 3649 384 3705 si
411 3649 469 3706 1771
497 3665 552 3720 ouo
578 3649 662 3706 uredo
690 3647 916 3705 Brincmannus.
963 3647 1030 3722 Ulp.
1052 3649 1107 3722 29,
1127 3649 1160 3722 2,
1183 3648 1253 3722 6,7
1283 3648 1332 3717 put

168 3740 234 3792 melu
254 3737 408 3794 uerborum
429 3737 473 3794 oei
496 3738 593 3808 utiquo
618 3738 717 3794 timore
741 3741 854 3794 coortus
878 3738 984 3794 adierit
1000 3736 1198 3793 hereditatem:
1223 3766 1262 3771 —
1288 3735 1332 3790 117

169 3825 216 3881 olio
244 3843 298 3897 quo
329 3826 428 3882 timore
457 3825 592 3883 restituit
621 3827 830 3884 Mommsenus.
877 3826 944 3900 Ulp.
971 3828 1022 3902 40,
1043 3827 1070 3901 5,
1091 3825 1181 3900 24,8
1211 3827 1332 3880 ceterum

170 3913 189 3968 si
209 3915 267 3972 1771
289 3917 382 3971 moute
408 3915 440 3971 id
466 3916 595 3987 scripsit,
619 3917 745 3987 utputo
773 3917 843 3986 puio
867 3959 927 3981 ...,
951 3914 995 3971 uel
1018 3914 1118 3985 utiquo
1140 3915 1245 3978 moute,
1273 3930 1333 3969 uou

170 4003 327 4061 tribueudoe
360 4003 499 4060 libertatis
530 4005 643 4061 auimo:
672 4037 712 4042 -
741 4005 785 4061 117
815 4004 876 4061 1771
908 4022 967 4074 quo
998 4006 1089 4060 meule
1121 4000 1256 4058 restituit
1288 4001 1333 4059 vir

170 4089 262 4149 doetus
293 4091 374 4166 apud
405 4091 642 4171 Schultingium,
676 4093 761 4150 cuius
791 4091 959 4150 emendatio
990 4089 1183 4149 confirmatur
1213 4090 1332 4148 scholiis

170 4177 286 4239 Graecis.
328 4179 396 4254 Ulp.
417 4183 467 4257 41,
488 4184 516 4258 2,
538 4184 566 4258 6,
585 4202 628 4256 pr.
657 4185 707 4253 oui
729 4183 833 4238 scieute
856 4183 908 4237 out
931 4180 1038 4236 ooleute
1062 4197 1105 4246 eo,
1130 4180 1169 4235 117
1192 4198 1275 4250 quem
1298 4198 1332 4235 11.

168 4285 207 4326 res
223 4272 355 4342 pertiuet,
379 4273 432 4326 117
454 4271 555 4342 utiquo
578 4272 691 4328 rutioue
709 4271 800 4327 bouuc
817 4270 887 4340 fidei
905 4270 1117 4341 possessiouem
1138 4269 1333 4325 nanciscitur.-

169 4388 202 4396 —
224 4361 285 4417 1771
308 4377 367 4431 quo
394 4361 506 4415 rutioue
533 4359 668 4417 restituit
696 4360 809 4434 Mengc.
852 4358 920 4432 Ulp.
941 4360 996 4434 43,
1017 4359 1072 4433 24,
1095 4359 1190 4432 13,4
1216 4358 1242 4413 si
1266 4375 1285 4413 1
1309 4361 1334 4412 71

168 4451 215 4505 uui
242 4450 286 4505 117
316 4466 350 4505 11
380 4448 477 4519 aliquo
508 4453 654 4506 contractu
683 4450 735 4506 hoo
764 4450 930 4504 rouseoulus
960 4449 1029 4504 sim:
1059 4477 1098 4483 —
1129 4462 1162 4501 11
1192 4446 1250 4502 ulio
1278 4464 1333 4517 prro

212 4556 335 4596 comment,
355 4557 548 4596 Woelfflinianac.
1088 4547 1121 4594 14
