2986 5002
623 290 857 353 -192a
1100 308 1112 339 ¹

245 456 404 514 Petronius
429 449 487 537 (ed.
510 447 687 535 Buecheler)
711 475 739 529 p.
760 457 810 530 35,
833 457 870 512 17
902 453 1040 511 Ceterum
1063 452 1142 511 inter
1164 454 1331 511 tumultum

158 565 227 603 cum
250 546 326 603 forte
345 549 488 618 paropsis
512 545 668 603 excidisset
692 547 722 601 et
745 562 820 618 puer
846 543 994 601 iacentem
1022 542 1208 619 sustulisset,
1237 543 1329 600 anim-

158 635 289 692 advertit
303 635 483 692 Trimalchio
498 633 691 708 colaphisque
711 632 864 708 obiurgari
883 651 1010 706 puerum
1029 650 1063 689 ac
1077 631 1210 706 proicere
1229 650 1331 690 rursus

151 725 345 796 paropsidem
367 723 468 798 iussit,
494 726 532 782 57
537 770 544 799 ,
566 726 605 781 19
631 741 699 780 cum
722 721 813 778 Hium
836 725 958 796 captum
982 724 1035 797 est,
1058 720 1221 798 Hannibal,
1244 721 1330 779 homo

158 813 243 871 vafer
262 816 293 869 11
311 831 438 889 magnus
458 812 553 888 stelio,
573 829 674 869 omnes
694 813 811 867 statuas
830 828 937 868 aeneas
956 812 987 867 et
1005 827 1111 866 aureas
1131 814 1161 866 et
1175 814 1332 886 argenteas

158 903 189 958 in
219 921 314 958 unum
343 921 451 978 rogum
481 901 630 976 congessit
660 903 691 957 11
718 917 767 956 eas
795 899 939 974 incendit,
967 899 1065 956 factae
1089 899 1216 956 suntin
1239 919 1332 956 unum

160 1009 230 1048 aera
258 990 457 1047 miscellanea.
492 990 535 1046 ita
564 1009 599 1046 ex
622 990 677 1046 hac
705 1006 804 1045 massa
827 988 905 1045 fabri
929 988 1118 1045 sustulerunt
1145 990 1177 1044 et
1199 988 1333 1046 fecerunt

159 1079 262 1137 catilla
285 1083 316 1136 et
333 1080 512 1151 paropsides
535 1081 565 1135 et
589 1077 769 1134 statuncula.
818 1076 866 1134 Sic
895 1076 1056 1135 Corinthea
1085 1079 1158 1134 nata
1187 1081 1272 1154 sunt,
1300 1097 1333 1134 ex

160 1168 297 1227 omnibus
320 1167 352 1223 in
374 1187 478 1244 unum,
502 1185 555 1224 nec
577 1167 633 1224 hoc
656 1185 709 1224 nec
732 1166 815 1222 iHud.

247 1257 446 1328 1111191111
460 1257 584 1313 Mattiaci
603 1248 653 1336 (cf.
673 1256 794 1313 Novum
808 1257 924 1312 testam.
946 1302 969 1312 ..
990 1255 1154 1312 secundum
1173 1254 1332 1313 editionem

160 1365 181 1404 s.
202 1346 377 1420 Hieronymi
401 1345 443 1402 ed.
464 1343 682 1424 Wordsworth)
706 1344 807 1400 XXIII
826 1345 866 1402 25
891 1362 920 1401 u.
946 1346 1002 1402 26:
1025 1343 1088 1401 Vae
1112 1343 1198 1402 vobis
1222 1344 1332 1402 scribae

161 1439 192 1493 et
214 1434 364 1510 pharisaei
387 1433 575 1510 hypocritae,
604 1433 676 1508 quia
699 1433 851 1490 mundatis
875 1433 956 1507 quod
979 1432 1088 1490 deforis
1111 1437 1157 1490 est
1181 1433 1283 1491 calicis
1306 1437 1334 1490 et

153 1525 337 1598 paropsidis
357 1523 438 1580 intus
459 1526 560 1580 autem
583 1522 664 1596 pleni
688 1525 759 1578 sunt
780 1521 887 1596 rapina
911 1524 941 1579 11
959 1521 1148 1579 inmunditia.
1178 1522 1332 1596 pharisaee

161 1632 255 1689 caece,
278 1613 391 1669 munda
413 1612 497 1687 prius
522 1612 602 1686 quod
624 1611 706 1668 intus
730 1613 776 1668 est
799 1611 900 1669 calicis
924 1614 955 1669 11
972 1612 1147 1684 paropsidis
1171 1614 1208 1668 ut
1231 1599 1285 1669 fiat
1307 1614 1336 1669 et

163 1703 195 1759 id
219 1702 299 1777 quod
322 1701 431 1759 deforis
456 1703 501 1758 est
524 1700 676 1757 mundum.

249 1790 332 1847 XXV
352 1792 392 1848 25
419 1789 476 1858 Qui
499 1789 624 1866 intingit
650 1808 768 1846 mecum
795 1807 919 1846 manum
945 1788 977 1845 in
999 1781 1196 1870 parapside)
1220 1789 1269 1848 hie
1291 1809 1336 1847 me

161 1879 267 1937 tradet.
305 1879 351 1936 lm
369 1878 529 1936 Ansohlul's
549 1897 588 1935 an
610 1879 731 1936 letztere
756 1877 848 1935 Stelle
872 1878 1001 1936 dichtete
1021 1877 1213 1955 Prudentius
1233 1879 1336 1954 Psych.

162 1990 189 2027 v.
207 1972 268 2027 532
290 1986 417 2044 magnus
438 1968 490 2043 qui
509 1967 725 2041 discipulorum
743 1967 784 2023 Et
802 1967 928 2025 conviva
946 1965 1011 2044 Dei,
1031 1966 1103 2024 dum
1121 1967 1204 2024 fallit
1222 1968 1338 2027 foedere

163 2075 294 2133 mensae,
332 2057 423 2113 Haud
456 2075 609 2131 quaquam
641 2056 782 2132 ignarum
814 2056 1008 2131 dextramque
1035 2057 1199 2128 porabsc'dc
1231 2057 1337 2134 iungit.

163 2146 241 2221 Epil.
256 2166 283 2203 v.
302 2147 341 2203 18
357 2146 455 2202 Multa
469 2145 571 2203 divitis
591 2145 678 2203 domo
696 2146 699 2226 )
717 2145 783 2202 Sita
797 2147 843 2202 est
856 2164 909 2220 per
924 2163 1025 2203 omnes
1040 2145 1168 2222 angulos
1182 2147 1318 2222 supellex
1333 2156 1336 2226 j

161 2236 272 2311 Fulget
296 2252 404 2291 aureus
429 2235 558 2308 scyphus
576 2288 578 2313 ,
594 2235 657 2292 Nec
681 2254 747 2292 aere
771 2233 843 2291 defit
865 2233 997 2308 expolita
1015 2234 1110 2309 pelvis
1125 2226 1131 2316 Ι
1146 2235 1204 2293 Est
1226 2239 1257 2294 et
1280 2236 1340 2293 olla

163 2323 264 2382 fictilis
282 2368 284 2402 ,
302 2323 468 2398 Gravisque
484 2328 514 2381 et
533 2323 634 2398 ampla
641 2316 665 2403 ²)
682 2326 824 2400 argentea
843 2325 889 2380 est
901 2324 1051 2395 parabas.
1084 2323 1189 2382 Daran
1207 2324 1341 2382 schlielst

163 2413 225 2470 sich
249 2412 295 2469 die
319 2412 476 2469 inhaltlich
500 2412 670 2471 verwandte
699 2412 790 2470 Stelle
814 2412 865 2470 des
894 2411 1034 2469 Sedulius
1062 2411 1093 2482 in
1117 2413 1169 2471 der
1191 2413 1340 2488 praefatio

162 2522 189 2560 v.
212 2505 251 2560 16
276 2501 339 2557 und
364 2504 489 2578 176,1,
513 2501 703 2578 1111611111,
727 2501 774 2558 die
797 2500 892 2558 neben
916 2501 968 2559 der
996 2501 1071 2558 oben
1094 2505 1266 2578 genannten
1291 2503 1341 2560 des

163 2590 346 2648 Prudentius
377 2590 511 2666 beweist,
545 2591 610 2647 dass
643 2590 685 2647 im
716 2589 849 2646 IV.—V.
872 2589 976 2646 Jahrh.
1010 2590 1087 2648 auch
1119 2590 1167 2649 die
1200 2591 1342 2650 kostbare

165 2680 292 2738 silbeme
316 2680 453 2755 paropsis
478 2672 551 2759 (ng.
577 2673 666 2758 oben)
690 2680 746 2736 mit
763 2678 901 2754 parapsis
918 2678 1090 2738 bezeichnet
1108 2680 1220 2739 wurde.
1257 2681 1343 2739 Danu

164 2771 245 2844 palst
268 2769 346 2826 auch
373 2769 419 2826 die
444 2768 536 2826 Stelle
560 2768 686 2843 Ulpians
709 2768 823 2845 Digest.
842 2767 913 2824 XIX
933 2770 951 2826 3
981 2761 1030 2848 (de
1054 2787 1117 2826 aur.
1141 2772 1173 2826 et
1196 2762 1274 2850 arg.)
1299 2771 1343 2828 ed

164 2859 329 2917 Mommsen
356 2878 384 2932 p.
404 2859 468 2934 182
497 2857 631 2934 Argento
660 2858 740 2916 11111
768 2858 868 2935 legato
898 2856 1029 2925 Quintus
1052 2857 1170 2916 Mucius
1199 2859 1244 2916 ait
1271 2878 1344 2918 vasa

165 2950 307 3025 argentea
330 2945 476 3004 contineri
499 2945 595 3005 veluti
612 2938 829 3026 paropsidw)
861 2945 1019 3004 acetabula
1047 2946 1155 3005 trullas
1182 2948 1286 3023 pelves
1314 2952 1345 3007 et

164 3036 211 3093 his
235 3035 354 3112 similia,
377 3055 437 3094 non
460 3038 561 3092 tamen
585 3053 662 3110 quae
686 3035 889 3110 suppelectilis
914 3038 991 3092 sunt.

253 3124 350 3182 Isidor
376 3125 470 3181 kennt
497 3143 555 3181 nur
582 3123 628 3181 die
652 3124 742 3182 Form
769 3123 905 3199 parapsis
933 3123 996 3182 und
1024 3123 1072 3183 die
1095 3123 1262 3203 Ableitung
1280 3146 1344 3186 ¹von

166 3211 239 3290 ἁψίς
272 3205 405 3293 (absida)
438 3213 497 3289 vgl.
530 3213 629 3287 thm
654 3214 709 3270 XX
733 3217 767 3291 4,
791 3216 831 3272 10
864 3212 1004 3288 Parapsis
1038 3212 1284 3292 quadrangulum
1315 3220 1346 3272 et

167 3298 405 3379 quadrilaterum
428 3320 481 3360 vas
511 3302 543 3358 id
570 3305 615 3360 est
642 3302 767 3376 paribus
791 3301 909 3360 absidis.
947 3301 1019 3359 XVI
1038 3304 1133 3378 20,4
1161 3302 1206 3361 ita
1230 3323 1267 3362 ex
1290 3305 1346 3362 111

166 3391 375 3450 commixtione
399 3390 477 3448 labri
501 3391 690 3449 sustulerunt
713 3395 743 3449 11
770 3391 905 3449 fecerunt
927 3390 1101 3466 parapsides
1126 3382 1200 3472 (ng.
1225 3391 1346 3451 Petron.

165 3502 193 3557 p.
210 3485 261 3558 57,
279 3472 342 3560 19).
376 3481 441 3537 Aus
465 3480 521 3538 den
544 3479 602 3536 mir
625 3480 843 3557 auganglichen
863 3480 1107 3539 Glossenwerken
1130 3480 1202 3558 fuge
1226 3481 1275 3540 ich
1294 3501 1347 3541 an:

167 3572 262 3630 Gloss,
273 3569 372 3645 Ampl.
388 3561 446 3650 (ed.
463 3567 579 3645 Oehler,
593 3569 613 3626 J
616 3569 689 3626 ahns
703 3569 806 3626 Jahrb.
822 3569 903 3627 XIII.
920 3568 1024 3645 Suppl.
1035 3569 1068 3626 B.
1080 3567 1108 3627 S.
1121 3571 1195 3648 360,
1205 3562 1264 3652 27)
1279 3591 1348 3647 par·

166 3651 349 3739 apsidam:⁴)
368 3649 555 3738 gabutam.⁵)
576 3690 617 3696 —
638 3656 824 3716 Glossarium
842 3658 982 3716 manuale
1002 3658 1040 3715 ad
1054 3657 1214 3733 scriptores
1228 3660 1346 3719 mediae

167 3753 198 3807 et
220 3748 339 3806 infimae
362 3747 525 3805 latinitatis
544 3767 579 3805 ex
602 3747 719 3824 magnis
738 3747 892 3824 glossariis
916 3747 946 3805 6.
966 3747 1016 3804 Du
1034 3746 1152 3825 Fresne,
1175 3747 1227 3805 Du
1246 3748 1349 3828 Gange

167 3842 198 3896 et
231 3837 419 3913 Carpentarii
450 3837 482 3893 in
510 3837 718 3912 compendium
745 3837 900 3895 redactum
933 3828 1043 3917 (Halae
1074 3827 1183 3918 1778.)
1212 3838 1285 3897 tom.
1308 3838 1350 3896 V:

241 4049 266 4112 1)
286 4041 433 4111 papsidem
454 4041 500 4109 0*,
520 4041 644 4095 mehrere
663 4040 823 4128 parabside.

240 4122 268 4183 2)
288 4116 322 4167 cf.
341 4113 461 4180 Hesyoh.
481 4113 579 4182 gloss:
599 4114 761 4180 παραψιδες
779 4110 796 4179 ἦ
816 4109 975 4179 παρόψιὸες
992 4109 1027 4163 τὰ
1046 4109 1152 4180 μεγάλα
1170 4111 1296 4187 τρυβλία.

241 4192 268 4250 3)
286 4186 327 4238 111
344 4184 420 4237 wohl
438 4183 525 4236 kaurn
547 4183 737 4253 griechischer
755 4183 920 4251 Accusativ,
946 4181 1066 4236 sondern
1089 4181 1139 4235 der
1161 4182 1351 4239 Accusamus

170 4274 204 4309 au
227 4255 380 4325 parapside
404 4272 451 4322 ae,
476 4256 511 4309 cf.
541 4255 671 4307 11111111
695 4255 866 4323 Bildungen:
901 4253 1014 4321 absida,
1047 4252 1177 4323 nagida,
1205 4256 1352 4325 11111111,

181 4327 311 4380 iurotida.
328 4369 355 4380 ..

172 4347 183 4396 l
242 4404 268 4464 4)
287 4397 339 4449 Die
358 4396 491 4465 Hpinaler
510 4395 695 4450 Handsehrift
712 4396 776 4466 gibt
793 4395 967 4464 parabsides.

244 4473 270 4536 1)
289 4468 352 4536 Vgl.
371 4468 553 4535 Diel‘enbaoh,
573 4467 747 4521 Glossarium
766 4466 1060 4535 latino-germanicum
1079 4469 1162 4520 11111
1174 4469 1316 4538 parapsis.
