<?xml version="1.0" encoding="UTF-8"?>
<!DOCTYPE html PUBLIC "-//W3C//DTD XHTML 1.0 Transitional//EN"
    "http://www.w3.org/TR/xhtml1/DTD/xhtml1-transitional.dtd">
<html xmlns="http://www.w3.org/1999/xhtml" xml:lang="en" lang="en">
 <head>
  <title>
</title>
<meta http-equiv="Content-Type" content="text/html;charset=utf-8" />
  <meta name='ocr-system' content='tesseract 3.04.00' />
  <meta name='ocr-capabilities' content='ocr_page ocr_carea ocr_par ocr_line ocrx_word'/>
</head>
<body>
  <div class='ocr_page' id='page_1' title='image "./commentationesw00woelgoog_0214.png"; bbox 0 0 2986 5002; ppageno 0'>
   <div class='ocr_carea' id='block_1_1' title="bbox 624 283 865 346">
    <p class='ocr_par' dir='ltr' id='par_1_1' title="bbox 624 283 865 346">
     <span class='ocr_line' id='line_1_1' title="bbox 624 283 865 346; baseline -0.004 0"><span class='ocrx_word' id='word_1_1' title='bbox 624 283 865 346; x_wconf 76' lang='lat'>-201-</span> 
     </span>
    </p>
   </div>
   <div class='ocr_carea' id='block_1_2' title="bbox 156 439 1385 794">
    <p class='ocr_par' dir='ltr' id='par_1_2' title="bbox 156 439 1385 794">
     <span class='ocr_line' id='line_1_2' title="bbox 244 439 1331 528; baseline -0.004 -21"><span class='ocrx_word' id='word_1_2' title='bbox 244 449 348 507; x_wconf 88' lang='lat' dir='ltr'><em>Prima</em></span> <span class='ocrx_word' id='word_1_3' title='bbox 371 448 511 508; x_wconf 84' lang='lat' dir='ltr'><em>columna</em></span> <span class='ocrx_word' id='word_1_4' title='bbox 535 440 577 528; x_wconf 86' lang='lat'><em>(1.</em></span> <span class='ocrx_word' id='word_1_5' title='bbox 600 451 627 507; x_wconf 89' lang='grc'><em>6.</em></span> <span class='ocrx_word' id='word_1_6' title='bbox 649 439 682 528; x_wconf 84' lang='grc'><em>7)</em></span> <span class='ocrx_word' id='word_1_7' title='bbox 705 450 801 507; x_wconf 88' lang='lat' dir='ltr'><em>restat</em></span> <span class='ocrx_word' id='word_1_8' title='bbox 822 449 859 505; x_wconf 91' lang='lat' dir='ltr'><em>ut</em></span> <span class='ocrx_word' id='word_1_9' title='bbox 881 449 980 506; x_wconf 90' lang='lat' dir='ltr'><em>totum</em></span> <span class='ocrx_word' id='word_1_10' title='bbox 1004 449 1096 522; x_wconf 90' lang='lat' dir='ltr'><em>eaput</em></span> <span class='ocrx_word' id='word_1_11' title='bbox 1123 447 1163 504; x_wconf 90' lang='lat' dir='ltr'><em>sit</em></span> <span class='ocrx_word' id='word_1_12' title='bbox 1185 446 1331 522; x_wconf 88' lang='lat' dir='ltr'><em>perquisi-</em></span> 
     </span>
     <span class='ocr_line' id='line_1_3' title="bbox 158 536 1331 614; baseline -0.003 -18"><span class='ocrx_word' id='word_1_13' title='bbox 158 542 238 614; x_wconf 76' lang='lat' dir='ltr'><em>tum3</em></span> <span class='ocrx_word' id='word_1_14' title='bbox 271 557 343 596; x_wconf 89' lang='lat' dir='ltr'><em>nam</em></span> <span class='ocrx_word' id='word_1_15' title='bbox 365 538 397 595; x_wconf 92' lang='lat' dir='ltr'><em>in</em></span> <span class='ocrx_word' id='word_1_16' title='bbox 425 537 555 596; x_wconf 87' lang='lat' dir='ltr'><em>secunda</em></span> <span class='ocrx_word' id='word_1_17' title='bbox 582 537 675 596; x_wconf 90' lang='lat' dir='ltr'><em>uerba</em></span> <span class='ocrx_word' id='word_1_18' title='bbox 705 539 776 595; x_wconf 87' lang='lat' dir='ltr'><em>sunt</em></span> <span class='ocrx_word' id='word_1_19' title='bbox 803 536 953 596; x_wconf 87' lang='lat' dir='ltr'><em>additieia.</em></span> <span class='ocrx_word' id='word_1_20' title='bbox 988 537 1018 594; x_wconf 92' lang='lat' dir='ltr'><em>in</em></span> <span class='ocrx_word' id='word_1_21' title='bbox 1041 537 1096 594; x_wconf 88' lang='lat' dir='ltr'><em>illa</em></span> <span class='ocrx_word' id='word_1_22' title='bbox 1123 538 1226 594; x_wconf 88' lang='lat' dir='ltr'><em>autem</em></span> <span class='ocrx_word' id='word_1_23' title='bbox 1253 554 1331 611; x_wconf 88' lang='lat' dir='ltr'><em>quae</em></span> 
     </span>
     <span class='ocr_line' id='line_1_4' title="bbox 156 625 1385 704; baseline -0.002 -18"><span class='ocrx_word' id='word_1_24' title='bbox 156 628 252 704; x_wconf 83' lang='lat' dir='ltr'><em>posui,</em></span> <span class='ocrx_word' id='word_1_25' title='bbox 276 626 477 703; x_wconf 89' lang='lat' dir='ltr'><em>comparanda</em></span> <span class='ocrx_word' id='word_1_26' title='bbox 501 629 572 684; x_wconf 90' lang='lat' dir='ltr'><em>sunt</em></span> <span class='ocrx_word' id='word_1_27' title='bbox 595 645 631 685; x_wconf 90' lang='lat' dir='ltr'><em>ea</em></span> <span class='ocrx_word' id='word_1_28' title='bbox 649 646 718 685; x_wconf 93' lang='lat' dir='ltr'><em>cum</em></span> <span class='ocrx_word' id='word_1_29' title='bbox 737 626 967 685; x_wconf 85' lang='lat' dir='ltr'><em>Tironianarum</em></span> <span class='ocrx_word' id='word_1_30' title='bbox 985 627 1127 685; x_wconf 90' lang='lat' dir='ltr'><em>notarum</em></span> <span class='ocrx_word' id='word_1_31' title='bbox 1144 625 1331 700; x_wconf 80' lang='lat' dir='ltr'>praefatione</span> <span class='ocrx_word' id='word_1_32' title='bbox 1383 684 1385 690; x_wconf 73' lang='grc'><strong>,</strong></span> 
     </span>
     <span class='ocr_line' id='line_1_5' title="bbox 158 714 1328 794; baseline -0.002 -20"><span class='ocrx_word' id='word_1_33' title='bbox 158 717 256 792; x_wconf 89' lang='lat' dir='ltr'><em>qualis</em></span> <span class='ocrx_word' id='word_1_34' title='bbox 286 718 385 775; x_wconf 83' lang='lat' dir='ltr'><em>exstat</em></span> <span class='ocrx_word' id='word_1_35' title='bbox 413 715 445 773; x_wconf 90' lang='lat' dir='ltr'><em>in</em></span> <span class='ocrx_word' id='word_1_36' title='bbox 473 715 572 774; x_wconf 90' lang='lat' dir='ltr'><em>codice</em></span> <span class='ocrx_word' id='word_1_37' title='bbox 603 715 789 794; x_wconf 78' lang='lat' dir='ltr'><em>Oassellano,</em></span> <span class='ocrx_word' id='word_1_38' title='bbox 818 735 895 792; x_wconf 89' lang='lat' dir='ltr'><em>quae</em></span> <span class='ocrx_word' id='word_1_39' title='bbox 923 718 1025 774; x_wconf 90' lang='lat' dir='ltr'><em>tamen</em></span> <span class='ocrx_word' id='word_1_40' title='bbox 1048 714 1186 773; x_wconf 88' lang='lat' dir='ltr'><em>absoluto</em></span> <span class='ocrx_word' id='word_1_41' title='bbox 1211 714 1328 772; x_wconf 90' lang='lat' dir='ltr'><em>demum</em></span> 
     </span>
    </p>
   </div>
   <div class='ocr_carea' id='block_1_3' title="bbox 156 796 1214 885">
    <p class='ocr_par' dir='ltr' id='par_1_3' title="bbox 156 796 1214 885">
     <span class='ocr_line' id='line_1_6' title="bbox 156 796 1214 885; baseline -0.003 -21"><span class='ocrx_word' id='word_1_42' title='bbox 156 805 389 865; x_wconf 82' lang='lat' dir='ltr'><em>Reifferscheidii</em></span> <span class='ocrx_word' id='word_1_43' title='bbox 412 804 555 864; x_wconf 78' lang='lat' dir='ltr'>Suetonio</span> <span class='ocrx_word' id='word_1_44' title='bbox 580 824 598 863; x_wconf 91' lang='lat' dir='ltr'><em>a</em></span> <span class='ocrx_word' id='word_1_45' title='bbox 622 804 771 864; x_wconf 84' lang='lat' dir='ltr'><em>Guilelmo</em></span> <span class='ocrx_word' id='word_1_46' title='bbox 796 805 925 864; x_wconf 83' lang='lat' dir='ltr'><em>Schmitz</em></span> <span class='ocrx_word' id='word_1_47' title='bbox 935 796 957 885; x_wconf 82' lang='lat'><em>¹)</em></span> <span class='ocrx_word' id='word_1_48' title='bbox 981 807 1027 862; x_wconf 89' lang='lat' dir='ltr'><em>est</em></span> <span class='ocrx_word' id='word_1_49' title='bbox 1048 804 1214 880; x_wconf 88' lang='lat' dir='ltr'><em>patefacta:</em></span> 
     </span>
    </p>
   </div>
   <div class='ocr_carea' id='block_1_4' title="bbox 158 945 1333 2001">
    <p class='ocr_par' dir='ltr' id='par_1_4' title="bbox 158 945 1333 2001">
     <span class='ocr_line' id='line_1_7' title="bbox 369 945 1328 1007; baseline 0 -2"><span class='ocrx_word' id='word_1_50' title='bbox 369 947 503 1007; x_wconf 85' lang='lat' dir='ltr'>Isidorus</span> <span class='ocrx_word' id='word_1_51' title='bbox 772 945 841 1007; x_wconf 80' lang='lat' dir='ltr'><em>God.</em></span> <span class='ocrx_word' id='word_1_52' title='bbox 871 945 991 1006; x_wconf 80' lang='lat' dir='ltr'><em>Caesell.</em></span> <span class='ocrx_word' id='word_1_53' title='bbox 1021 946 1072 1005; x_wconf 89' lang='lat' dir='ltr'><em>cfr.</em></span> <span class='ocrx_word' id='word_1_54' title='bbox 1107 945 1237 1005; x_wconf 78' lang='lat' dir='ltr'><em>Schmitz</em></span> <span class='ocrx_word' id='word_1_55' title='bbox 1260 946 1279 1004; x_wconf 91' lang='lat' dir='ltr'><em>l.</em></span> <span class='ocrx_word' id='word_1_56' title='bbox 1304 964 1328 1005; x_wconf 89' lang='lat' dir='ltr'><em>c.</em></span> 
     </span>
     <span class='ocr_line' id='line_1_8' title="bbox 162 1120 1331 1199; baseline -0.001 -16"><span class='ocrx_word' id='word_1_57' title='bbox 162 1130 186 1183; x_wconf 94' lang='lat'><em>1.</em></span> <span class='ocrx_word' id='word_1_58' title='bbox 212 1126 356 1199; x_wconf 77' lang='lat' dir='ltr'><em>Unlpares</em></span> <span class='ocrx_word' id='word_1_59' title='bbox 369 1130 454 1184; x_wconf 88' lang='lat' dir='ltr'><em>notas</em></span> <span class='ocrx_word' id='word_1_60' title='bbox 467 1125 588 1184; x_wconf 69' lang='lat' dir='ltr'><em>Drmiam</em></span> <span class='ocrx_word' id='word_1_61' title='bbox 596 1127 715 1199; x_wconf 81' lang='lat' dir='ltr'><em>prinas</em></span> <span class='ocrx_word' id='word_1_62' title='bbox 770 1120 865 1184; x_wconf 87' lang='lat' dir='ltr'><em>Notas</em></span> <span class='ocrx_word' id='word_1_63' title='bbox 896 1126 1035 1199; x_wconf 81' lang='lat' dir='ltr'><em>nnlpares</em></span> <span class='ocrx_word' id='word_1_64' title='bbox 1066 1124 1186 1182; x_wconf 68' lang='lat' dir='ltr'><em>Ennius</em></span> <span class='ocrx_word' id='word_1_65' title='bbox 1212 1125 1331 1196; x_wconf 82' lang='lat' dir='ltr'><em>primns</em></span> 
     </span>
     <span class='ocr_line' id='line_1_9' title="bbox 159 1213 1332 1275; baseline -0.003 -2"><span class='ocrx_word' id='word_1_66' title='bbox 159 1216 235 1273; x_wconf 88' lang='lat' dir='ltr'><em>nille</em></span> <span class='ocrx_word' id='word_1_67' title='bbox 258 1219 284 1273; x_wconf 93' lang='lat' dir='ltr'><em>et</em></span> <span class='ocrx_word' id='word_1_68' title='bbox 306 1219 419 1273; x_wconf 85' lang='lat' dir='ltr'><em>centnm</em></span> <span class='ocrx_word' id='word_1_69' title='bbox 441 1216 560 1273; x_wconf 89' lang='lat' dir='ltr'><em>innenit.</em></span> <span class='ocrx_word' id='word_1_70' title='bbox 771 1217 884 1275; x_wconf 88' lang='lat' dir='ltr'><em>innenit</em></span> <span class='ocrx_word' id='word_1_71' title='bbox 912 1216 990 1273; x_wconf 86' lang='lat' dir='ltr'><em>nntte</em></span> <span class='ocrx_word' id='word_1_72' title='bbox 1019 1218 1044 1272; x_wconf 88' lang='lat' dir='ltr'><em>ct</em></span> <span class='ocrx_word' id='word_1_73' title='bbox 1071 1217 1190 1272; x_wconf 80' lang='lat' dir='ltr'><em>centana.</em></span> <span class='ocrx_word' id='word_1_74' title='bbox 1228 1213 1332 1271; x_wconf 86' lang='lat' dir='ltr'><em>deinde</em></span> 
     </span>
     <span class='ocr_line' id='line_1_10' title="bbox 162 1304 897 1378; baseline -0.001 -15"><span class='ocrx_word' id='word_1_75' title='bbox 162 1308 188 1363; x_wconf 89' lang='grc'><em>6.</em></span> <span class='ocrx_word' id='word_1_76' title='bbox 212 1350 218 1362; x_wconf 94' lang='grc'><strong>.</strong></span> <span class='ocrx_word' id='word_1_77' title='bbox 234 1350 240 1362; x_wconf 93' lang='grc'><strong><em>.</em></strong></span> <span class='ocrx_word' id='word_1_78' title='bbox 256 1349 262 1362; x_wconf 89' lang='grc'><strong>.</strong></span> <span class='ocrx_word' id='word_1_79' title='bbox 277 1305 328 1363; x_wconf 87' lang='lat' dir='ltr'><em>sed</em></span> <span class='ocrx_word' id='word_1_80' title='bbox 342 1307 455 1362; x_wconf 83' lang='lat' dir='ltr'><em>tantane</em></span> <span class='ocrx_word' id='word_1_81' title='bbox 463 1307 716 1378; x_wconf 81' lang='lat' dir='ltr'><em>praepositionem</em></span> <span class='ocrx_word' id='word_1_82' title='bbox 775 1304 897 1363; x_wconf 82' lang='lat' dir='ltr'><em>Tullius.</em></span> 
     </span>
     <span class='ocr_line' id='line_1_11' title="bbox 158 1393 1116 1468; baseline -0.001 -17"><span class='ocrx_word' id='word_1_83' title='bbox 158 1393 187 1451; x_wconf 76' lang='lat'><em>7.</em></span> <span class='ocrx_word' id='word_1_84' title='bbox 206 1397 275 1467; x_wconf 82' lang='lat' dir='ltr'><em>post</em></span> <span class='ocrx_word' id='word_1_85' title='bbox 298 1411 363 1451; x_wconf 83' lang='lat' dir='ltr'><em>enen</em></span> <span class='ocrx_word' id='word_1_86' title='bbox 391 1393 554 1466; x_wconf 71' lang='lat' dir='ltr'><em>Uipsanius</em></span> <span class='ocrx_word' id='word_1_87' title='bbox 768 1398 924 1468; x_wconf 82' lang='lat' dir='ltr'><em>postcunt</em></span> <span class='ocrx_word' id='word_1_88' title='bbox 953 1393 1116 1466; x_wconf 72' lang='lat' dir='ltr'><em>Uipsanius</em></span> 
     </span>
     <span class='ocr_line' id='line_1_12' title="bbox 160 1481 1169 1557; baseline 0.001 -18"><span class='ocrx_word' id='word_1_89' title='bbox 160 1482 311 1554; x_wconf 78' lang='lat' dir='ltr'><em>Fitaprins</em></span> <span class='ocrx_word' id='word_1_90' title='bbox 767 1487 837 1557; x_wconf 89' lang='lat' dir='ltr'><em>post</em></span> <span class='ocrx_word' id='word_1_91' title='bbox 860 1500 924 1542; x_wconf 85' lang='lat' dir='ltr'><em>enm</em></span> <span class='ocrx_word' id='word_1_92' title='bbox 946 1481 1116 1555; x_wconf 80' lang='lat' dir='ltr'><em>Filarpirns</em></span> <span class='ocrx_word' id='word_1_93' title='bbox 1168 1526 1169 1529; x_wconf 16' lang='grc' dir='ltr'>η</span> 
     </span>
     <span class='ocr_line' id='line_1_13' title="bbox 162 1569 1065 1646; baseline 0.001 -17"><span class='ocrx_word' id='word_1_94' title='bbox 162 1569 317 1644; x_wconf 80' lang='lat' dir='ltr'><em>etAqnila</em></span> <span class='ocrx_word' id='word_1_95' title='bbox 768 1576 837 1646; x_wconf 88' lang='lat' dir='ltr'><em>post</em></span> <span class='ocrx_word' id='word_1_96' title='bbox 860 1590 924 1631; x_wconf 83' lang='lat' dir='ltr'><em>enni</em></span> <span class='ocrx_word' id='word_1_97' title='bbox 946 1569 1065 1644; x_wconf 80' lang='lat' dir='ltr'><em>Aquila.</em></span> 
     </span>
     <span class='ocr_line' id='line_1_14' title="bbox 165 1661 484 1719; baseline 0.009 -3"><span class='ocrx_word' id='word_1_98' title='bbox 165 1662 340 1719; x_wconf 75' lang='lat' dir='ltr'><em>Maecenatis</em></span> <span class='ocrx_word' id='word_1_99' title='bbox 363 1661 484 1719; x_wconf 80' lang='lat' dir='ltr'><em>libertas</em></span> 
     </span>
     <span class='ocr_line' id='line_1_15' title="bbox 162 1749 1333 1822; baseline -0.001 -16"><span class='ocrx_word' id='word_1_100' title='bbox 162 1751 278 1822; x_wconf 76' lang='lat' dir='ltr'><em>deniqne</em></span> <span class='ocrx_word' id='word_1_101' title='bbox 291 1749 400 1808; x_wconf 80' lang='lat' dir='ltr'><em>Seneca</em></span> <span class='ocrx_word' id='word_1_102' title='bbox 420 1753 568 1808; x_wconf 87' lang='lat' dir='ltr'><em>contracta</em></span> <span class='ocrx_word' id='word_1_103' title='bbox 586 1753 715 1808; x_wconf 81' lang='lat' dir='ltr'><em>encninn</em></span> <span class='ocrx_word' id='word_1_104' title='bbox 774 1751 877 1809; x_wconf 78' lang='lat' dir='ltr'><em>danda</em></span> <span class='ocrx_word' id='word_1_105' title='bbox 899 1749 1008 1808; x_wconf 78' lang='lat' dir='ltr'><em>Seneca</em></span> <span class='ocrx_word' id='word_1_106' title='bbox 1035 1753 1181 1808; x_wconf 82' lang='lat' dir='ltr'><em>contracta</em></span> <span class='ocrx_word' id='word_1_107' title='bbox 1204 1751 1333 1806; x_wconf 81' lang='lat' dir='ltr'><em>onninrn</em></span> 
     </span>
     <span class='ocr_line' id='line_1_16' title="bbox 163 1839 1331 1913; baseline 0 -18"><span class='ocrx_word' id='word_1_108' title='bbox 163 1839 318 1912; x_wconf 76' lang='lat' dir='ltr'><em>dipestopne</em></span> <span class='ocrx_word' id='word_1_109' title='bbox 346 1842 372 1896; x_wconf 88' lang='lat' dir='ltr'><em>et</em></span> <span class='ocrx_word' id='word_1_110' title='bbox 394 1843 477 1897; x_wconf 86' lang='lat' dir='ltr'><em>aneto</em></span> <span class='ocrx_word' id='word_1_111' title='bbox 499 1857 620 1897; x_wconf 76' lang='lat' dir='ltr'><em>nanneno</em></span> <span class='ocrx_word' id='word_1_112' title='bbox 643 1857 716 1913; x_wconf 89' lang='lat' dir='ltr'><em>opas</em></span> <span class='ocrx_word' id='word_1_113' title='bbox 774 1841 945 1913; x_wconf 76' lang='lat' dir='ltr'><em>depestnpne</em></span> <span class='ocrx_word' id='word_1_114' title='bbox 967 1856 1040 1912; x_wconf 87' lang='lat' dir='ltr'><em>opas</em></span> <span class='ocrx_word' id='word_1_115' title='bbox 1057 1839 1182 1912; x_wconf 75' lang='lat' dir='ltr'><em>perfecit</em></span> <span class='ocrx_word' id='word_1_116' title='bbox 1205 1842 1230 1897; x_wconf 92' lang='lat' dir='ltr'><em>et</em></span> <span class='ocrx_word' id='word_1_117' title='bbox 1247 1840 1331 1896; x_wconf 89' lang='lat' dir='ltr'><em>uncto</em></span> 
     </span>
     <span class='ocr_line' id='line_1_17' title="bbox 166 1928 1210 2001; baseline 0.002 -18"><span class='ocrx_word' id='word_1_118' title='bbox 166 1929 250 1999; x_wconf 77' lang='lat' dir='ltr'><em>effecit</em></span> <span class='ocrx_word' id='word_1_119' title='bbox 269 1930 302 1986; x_wconf 91' lang='lat' dir='ltr'><em>in</em></span> <span class='ocrx_word' id='word_1_120' title='bbox 325 1930 451 2001; x_wconf 78' lang='lat' dir='ltr'><em>pninpne</em></span> <span class='ocrx_word' id='word_1_121' title='bbox 473 1929 564 1986; x_wconf 84' lang='lat' dir='ltr'><em>milia.</em></span> <span class='ocrx_word' id='word_1_122' title='bbox 774 1946 894 1987; x_wconf 83' lang='lat' dir='ltr'><em>nnnero</em></span> <span class='ocrx_word' id='word_1_123' title='bbox 916 1931 949 1986; x_wconf 88' lang='lat' dir='ltr'><em>in</em></span> <span class='ocrx_word' id='word_1_124' title='bbox 972 1928 1097 2000; x_wconf 78' lang='lat' dir='ltr'><em>qninqne</em></span> <span class='ocrx_word' id='word_1_125' title='bbox 1119 1929 1210 1986; x_wconf 77' lang='lat' dir='ltr'><em>arilia.</em></span> 
     </span>
    </p>
   </div>
   <div class='ocr_carea' id='block_1_5' title="bbox 165 2051 1334 4176">
    <p class='ocr_par' dir='ltr' id='par_1_5' title="bbox 165 2051 1333 2843">
     <span class='ocr_line' id='line_1_18' title="bbox 247 2051 1332 2128; baseline 0.001 -19"><span class='ocrx_word' id='word_1_126' title='bbox 247 2051 329 2121; x_wconf 82' lang='lat' dir='ltr'><em>Quae</em></span> <span class='ocrx_word' id='word_1_127' title='bbox 353 2051 418 2109; x_wconf 89' lang='lat' dir='ltr'><em>fieri</em></span> <span class='ocrx_word' id='word_1_128' title='bbox 441 2072 499 2110; x_wconf 91' lang='lat' dir='ltr'><em>non</em></span> <span class='ocrx_word' id='word_1_129' title='bbox 523 2054 623 2127; x_wconf 89' lang='lat' dir='ltr'><em>potest</em></span> <span class='ocrx_word' id='word_1_130' title='bbox 646 2053 719 2128; x_wconf 90' lang='lat' dir='ltr'><em>quin</em></span> <span class='ocrx_word' id='word_1_131' title='bbox 743 2072 802 2112; x_wconf 90' lang='lat' dir='ltr'><em>non</em></span> <span class='ocrx_word' id='word_1_132' title='bbox 820 2055 962 2128; x_wconf 88' lang='lat' dir='ltr'><em>putemus</em></span> <span class='ocrx_word' id='word_1_133' title='bbox 981 2054 1103 2128; x_wconf 89' lang='lat' dir='ltr'><em>sumpta</em></span> <span class='ocrx_word' id='word_1_134' title='bbox 1121 2070 1184 2110; x_wconf 91' lang='lat' dir='ltr'><em>esse</em></span> <span class='ocrx_word' id='word_1_135' title='bbox 1203 2071 1238 2110; x_wconf 85' lang='lat' dir='ltr'><em>ex</em></span> <span class='ocrx_word' id='word_1_136' title='bbox 1256 2051 1332 2110; x_wconf 90' lang='lat' dir='ltr'><em>libro</em></span> 
     </span>
     <span class='ocr_line' id='line_1_19' title="bbox 165 2140 1332 2218; baseline 0 -20"><span class='ocrx_word' id='word_1_137' title='bbox 165 2140 195 2198; x_wconf 89' lang='lat' dir='ltr'><em>de</em></span> <span class='ocrx_word' id='word_1_138' title='bbox 216 2141 289 2198; x_wconf 88' lang='lat' dir='ltr'><em>uiris</em></span> <span class='ocrx_word' id='word_1_139' title='bbox 312 2141 491 2218; x_wconf 65' lang='lat' dir='ltr'><em>illustribus</em></span> <span class='ocrx_word' id='word_1_140' title='bbox 514 2141 546 2198; x_wconf 90' lang='lat' dir='ltr'><em>in</em></span> <span class='ocrx_word' id='word_1_141' title='bbox 565 2161 625 2217; x_wconf 94' lang='lat' dir='ltr'><em>quo</em></span> <span class='ocrx_word' id='word_1_142' title='bbox 645 2143 725 2218; x_wconf 91' lang='lat' dir='ltr'><em>quod</em></span> <span class='ocrx_word' id='word_1_143' title='bbox 744 2142 854 2200; x_wconf 87' lang='lat' dir='ltr'><em>iterum</em></span> <span class='ocrx_word' id='word_1_144' title='bbox 877 2143 967 2201; x_wconf 87' lang='lat' dir='ltr'><em>liceat</em></span> <span class='ocrx_word' id='word_1_145' title='bbox 985 2144 1118 2217; x_wconf 87' lang='lat' dir='ltr'><em>repetere</em></span> <span class='ocrx_word' id='word_1_146' title='bbox 1138 2161 1197 2200; x_wconf 91' lang='lat' dir='ltr'><em>non</em></span> <span class='ocrx_word' id='word_1_147' title='bbox 1216 2141 1332 2198; x_wconf 81' lang='lat' dir='ltr'><em>Ennius</em></span> 
     </span>
     <span class='ocr_line' id='line_1_20' title="bbox 166 2230 1332 2307; baseline 0.002 -22"><span class='ocrx_word' id='word_1_148' title='bbox 166 2230 308 2288; x_wconf 86' lang='lat' dir='ltr'><em>ferebatur</em></span> <span class='ocrx_word' id='word_1_149' title='bbox 330 2233 418 2288; x_wconf 90' lang='lat' dir='ltr'><em>notas</em></span> <span class='ocrx_word' id='word_1_150' title='bbox 446 2230 604 2307; x_wconf 80' lang='lat' dir='ltr'><em>inuenisse,</em></span> <span class='ocrx_word' id='word_1_151' title='bbox 628 2231 781 2290; x_wconf 91' lang='lat' dir='ltr'><em>ferebatur</em></span> <span class='ocrx_word' id='word_1_152' title='bbox 804 2231 881 2290; x_wconf 87' lang='lat' dir='ltr'><em>Tiro.</em></span> <span class='ocrx_word' id='word_1_153' title='bbox 914 2251 1011 2306; x_wconf 91' lang='lat' dir='ltr'><em>neque</em></span> <span class='ocrx_word' id='word_1_154' title='bbox 1039 2230 1188 2305; x_wconf 87' lang='lat' dir='ltr'><em>praefatio</em></span> <span class='ocrx_word' id='word_1_155' title='bbox 1217 2232 1262 2288; x_wconf 88' lang='lat' dir='ltr'><em>est</em></span> <span class='ocrx_word' id='word_1_156' title='bbox 1285 2251 1332 2288; x_wconf 81' lang='lat' dir='ltr'><em>ex·</em></span> 
     </span>
     <span class='ocr_line' id='line_1_21' title="bbox 167 2319 1330 2397; baseline 0 -21"><span class='ocrx_word' id='word_1_157' title='bbox 167 2323 258 2393; x_wconf 84' lang='lat' dir='ltr'><em>oerpta</em></span> <span class='ocrx_word' id='word_1_158' title='bbox 285 2339 321 2377; x_wconf 83' lang='lat' dir='ltr'><em>ex</em></span> <span class='ocrx_word' id='word_1_159' title='bbox 348 2319 476 2396; x_wconf 86' lang='lat' dir='ltr'><em>Isidoro,</em></span> <span class='ocrx_word' id='word_1_160' title='bbox 505 2339 635 2395; x_wconf 91' lang='lat' dir='ltr'><em>quocum</em></span> <span class='ocrx_word' id='word_1_161' title='bbox 662 2340 721 2380; x_wconf 91' lang='lat' dir='ltr'><em>non</em></span> <span class='ocrx_word' id='word_1_162' title='bbox 749 2320 889 2397; x_wconf 84' lang='lat' dir='ltr'><em>congruit</em></span> <span class='ocrx_word' id='word_1_163' title='bbox 916 2320 974 2378; x_wconf 91' lang='lat' dir='ltr'><em>nisi</em></span> <span class='ocrx_word' id='word_1_164' title='bbox 1001 2320 1124 2395; x_wconf 88' lang='lat' dir='ltr'><em>proinde</em></span> <span class='ocrx_word' id='word_1_165' title='bbox 1157 2322 1249 2394; x_wconf 87' lang='lat' dir='ltr'><em>atque</em></span> <span class='ocrx_word' id='word_1_166' title='bbox 1283 2339 1330 2377; x_wconf 81' lang='lat' dir='ltr'><em>ex-</em></span> 
     </span>
     <span class='ocr_line' id='line_1_22' title="bbox 168 2408 1333 2485; baseline 0.002 -21"><span class='ocrx_word' id='word_1_167' title='bbox 168 2408 303 2466; x_wconf 89' lang='lat' dir='ltr'><em>trinsecus</em></span> <span class='ocrx_word' id='word_1_168' title='bbox 323 2409 360 2466; x_wconf 89' lang='lat' dir='ltr'><em>ab</em></span> <span class='ocrx_word' id='word_1_169' title='bbox 380 2429 414 2466; x_wconf 93' lang='lat' dir='ltr'><em>eo</em></span> <span class='ocrx_word' id='word_1_170' title='bbox 433 2409 520 2466; x_wconf 89' lang='lat' dir='ltr'><em>illata</em></span> <span class='ocrx_word' id='word_1_171' title='bbox 540 2410 723 2485; x_wconf 89' lang='lat' dir='ltr'><em>depulimus;</em></span> <span class='ocrx_word' id='word_1_172' title='bbox 743 2410 794 2468; x_wconf 90' lang='lat' dir='ltr'><em>sed</em></span> <span class='ocrx_word' id='word_1_173' title='bbox 812 2409 875 2485; x_wconf 88' lang='lat' dir='ltr'><em>ipse</em></span> <span class='ocrx_word' id='word_1_174' title='bbox 890 2410 1023 2468; x_wconf 84' lang='lat' dir='ltr'><em>Isidorus</em></span> <span class='ocrx_word' id='word_1_175' title='bbox 1042 2412 1183 2467; x_wconf 91' lang='lat' dir='ltr'><em>notarum</em></span> <span class='ocrx_word' id='word_1_176' title='bbox 1202 2408 1333 2467; x_wconf 80' lang='lat' dir='ltr'><em>codicem</em></span> 
     </span>
     <span class='ocr_line' id='line_1_23' title="bbox 169 2497 1332 2574; baseline 0.003 -22"><span class='ocrx_word' id='word_1_177' title='bbox 169 2497 234 2554; x_wconf 84' lang='lat' dir='ltr'><em>adiit</em></span> <span class='ocrx_word' id='word_1_178' title='bbox 259 2497 445 2573; x_wconf 75' lang='lat' dir='ltr'><em>praefatione</em></span> <span class='ocrx_word' id='word_1_179' title='bbox 474 2501 595 2557; x_wconf 88' lang='lat' dir='ltr'><em>auctam</em></span> <span class='ocrx_word' id='word_1_180' title='bbox 624 2499 711 2558; x_wconf 90' lang='lat' dir='ltr'><em>modo</em></span> <span class='ocrx_word' id='word_1_181' title='bbox 744 2499 836 2574; x_wconf 92' lang='lat' dir='ltr'><em>paulo</em></span> <span class='ocrx_word' id='word_1_182' title='bbox 866 2498 999 2574; x_wconf 87' lang='lat' dir='ltr'><em>pleniore</em></span> <span class='ocrx_word' id='word_1_183' title='bbox 1029 2498 1211 2572; x_wconf 81' lang='lat' dir='ltr'><em>melioraque</em></span> <span class='ocrx_word' id='word_1_184' title='bbox 1244 2497 1332 2556; x_wconf 89' lang='lat' dir='ltr'><em>modo</em></span> 
     </span>
     <span class='ocr_line' id='line_1_24' title="bbox 169 2585 1332 2664; baseline 0.002 -22"><span class='ocrx_word' id='word_1_185' title='bbox 169 2585 302 2645; x_wconf 85' lang='lat' dir='ltr'><em>deteriore</em></span> <span class='ocrx_word' id='word_1_186' title='bbox 326 2607 418 2662; x_wconf 90' lang='lat' dir='ltr'><em>quam</em></span> <span class='ocrx_word' id='word_1_187' title='bbox 442 2606 519 2662; x_wconf 90' lang='lat' dir='ltr'><em>quae</em></span> <span class='ocrx_word' id='word_1_188' title='bbox 543 2606 623 2646; x_wconf 89' lang='lat' dir='ltr'><em>nune</em></span> <span class='ocrx_word' id='word_1_189' title='bbox 646 2591 692 2646; x_wconf 91' lang='lat' dir='ltr'><em>est</em></span> <span class='ocrx_word' id='word_1_190' title='bbox 714 2588 745 2645; x_wconf 89' lang='lat' dir='ltr'><em>iu</em></span> <span class='ocrx_word' id='word_1_191' title='bbox 765 2587 946 2664; x_wconf 82' lang='lat' dir='ltr'><em>Oassellano,</em></span> <span class='ocrx_word' id='word_1_192' title='bbox 969 2591 1005 2645; x_wconf 92' lang='lat' dir='ltr'><em>ut</em></span> <span class='ocrx_word' id='word_1_193' title='bbox 1024 2606 1101 2662; x_wconf 91' lang='lat' dir='ltr'><em>quae</em></span> <span class='ocrx_word' id='word_1_194' title='bbox 1121 2587 1206 2645; x_wconf 89' lang='lat' dir='ltr'><em>docte</em></span> <span class='ocrx_word' id='word_1_195' title='bbox 1226 2586 1257 2643; x_wconf 91' lang='lat' dir='ltr'><em>in</em></span> <span class='ocrx_word' id='word_1_196' title='bbox 1276 2587 1332 2644; x_wconf 90' lang='lat' dir='ltr'><em>hac</em></span> 
     </span>
     <span class='ocr_line' id='line_1_25' title="bbox 169 2673 1332 2753; baseline 0.003 -23"><span class='ocrx_word' id='word_1_197' title='bbox 169 2673 264 2733; x_wconf 87' lang='lat' dir='ltr'><em>Isidori</em></span> <span class='ocrx_word' id='word_1_198' title='bbox 287 2679 372 2750; x_wconf 90' lang='lat' dir='ltr'><em>parte</em></span> <span class='ocrx_word' id='word_1_199' title='bbox 396 2676 508 2752; x_wconf 86' lang='lat' dir='ltr'><em>scripta</em></span> <span class='ocrx_word' id='word_1_200' title='bbox 531 2676 729 2734; x_wconf 89' lang='lat' dir='ltr'><em>inueniuntur</em></span> <span class='ocrx_word' id='word_1_201' title='bbox 755 2678 879 2735; x_wconf 79' lang='lat' dir='ltr'><em>redeant</em></span> <span class='ocrx_word' id='word_1_202' title='bbox 906 2697 966 2735; x_wconf 89' lang='lat' dir='ltr'><em>nou</em></span> <span class='ocrx_word' id='word_1_203' title='bbox 994 2676 1032 2734; x_wconf 91' lang='lat' dir='ltr'><em>ad</em></span> <span class='ocrx_word' id='word_1_204' title='bbox 1062 2676 1252 2753; x_wconf 77' lang='lat' dir='ltr'><em>Suetonium,</em></span> <span class='ocrx_word' id='word_1_205' title='bbox 1282 2675 1332 2734; x_wconf 87' lang='lat' dir='ltr'><em>sed</em></span> 
     </span>
     <span class='ocr_line' id='line_1_26' title="bbox 169 2762 1242 2843; baseline 0.002 -23"><span class='ocrx_word' id='word_1_206' title='bbox 169 2764 310 2822; x_wconf 83' lang='lat' dir='ltr'><em>referenda</em></span> <span class='ocrx_word' id='word_1_207' title='bbox 333 2765 395 2822; x_wconf 89' lang='lat' dir='ltr'><em>sint</em></span> <span class='ocrx_word' id='word_1_208' title='bbox 418 2766 456 2823; x_wconf 91' lang='lat' dir='ltr'><em>ad</em></span> <span class='ocrx_word' id='word_1_209' title='bbox 480 2766 608 2824; x_wconf 81' lang='lat' dir='ltr'><em>Senecae</em></span> <span class='ocrx_word' id='word_1_210' title='bbox 633 2799 674 2805; x_wconf 89' lang='lat'>—</span> <span class='ocrx_word' id='word_1_211' title='bbox 699 2767 804 2841; x_wconf 88' lang='lat' dir='ltr'><em>opinor</em></span> <span class='ocrx_word' id='word_1_212' title='bbox 831 2799 867 2806; x_wconf 91' lang='lat'><em>-</em></span> <span class='ocrx_word' id='word_1_213' title='bbox 893 2769 1034 2824; x_wconf 90' lang='lat' dir='ltr'><em>notarum</em></span> <span class='ocrx_word' id='word_1_214' title='bbox 1058 2762 1242 2843; x_wconf 75' lang='grc' dir='ltr'><em>συναγωγήν.</em></span> 
     </span>
    </p>

    <p class='ocr_par' dir='ltr' id='par_1_6' title="bbox 171 2853 1333 3179">
     <span class='ocr_line' id='line_1_27' title="bbox 247 2853 1330 2929; baseline 0 -19"><span class='ocrx_word' id='word_1_215' title='bbox 247 2853 345 2929; x_wconf 83' lang='lat' dir='ltr'><em>Atque</em></span> <span class='ocrx_word' id='word_1_216' title='bbox 369 2854 431 2911; x_wconf 93' lang='lat' dir='ltr'><em>iam</em></span> <span class='ocrx_word' id='word_1_217' title='bbox 454 2857 500 2912; x_wconf 87' lang='lat' dir='ltr'><em>est</em></span> <span class='ocrx_word' id='word_1_218' title='bbox 523 2857 625 2914; x_wconf 90' lang='lat' dir='ltr'><em>aetum</em></span> <span class='ocrx_word' id='word_1_219' title='bbox 647 2875 706 2914; x_wconf 91' lang='lat' dir='ltr'><em>non</em></span> <span class='ocrx_word' id='word_1_220' title='bbox 731 2857 827 2914; x_wconf 92' lang='lat' dir='ltr'><em>solum</em></span> <span class='ocrx_word' id='word_1_221' title='bbox 851 2855 886 2913; x_wconf 89' lang='lat' dir='ltr'><em>de</em></span> <span class='ocrx_word' id='word_1_222' title='bbox 910 2875 970 2914; x_wconf 91' lang='lat' dir='ltr'><em>uno</em></span> <span class='ocrx_word' id='word_1_223' title='bbox 993 2853 1227 2913; x_wconf 87' lang='lat' dir='ltr'><em>Reifferscheidii</em></span> <span class='ocrx_word' id='word_1_224' title='bbox 1250 2854 1330 2929; x_wconf 85' lang='lat' dir='ltr'><em>frag-</em></span> 
     </span>
     <span class='ocr_line' id='line_1_28' title="bbox 171 2942 1332 3019; baseline 0.003 -22"><span class='ocrx_word' id='word_1_225' title='bbox 171 2945 267 3019; x_wconf 80' lang='lat' dir='ltr'><em>mento,</em></span> <span class='ocrx_word' id='word_1_226' title='bbox 290 2943 340 3001; x_wconf 92' lang='lat' dir='ltr'><em>sed</em></span> <span class='ocrx_word' id='word_1_227' title='bbox 363 2943 453 3001; x_wconf 91' lang='lat' dir='ltr'><em>simul</em></span> <span class='ocrx_word' id='word_1_228' title='bbox 476 2943 512 3002; x_wconf 91' lang='lat' dir='ltr'><em>de</em></span> <span class='ocrx_word' id='word_1_229' title='bbox 536 2946 600 3003; x_wconf 92' lang='lat' dir='ltr'><em>toto</em></span> <span class='ocrx_word' id='word_1_230' title='bbox 624 2944 682 3003; x_wconf 86' lang='lat' dir='ltr'><em>isto</em></span> <span class='ocrx_word' id='word_1_231' title='bbox 709 2944 779 3002; x_wconf 89' lang='lat' dir='ltr'><em>libri</em></span> <span class='ocrx_word' id='word_1_232' title='bbox 807 2945 842 3002; x_wconf 89' lang='lat' dir='ltr'><em>de</em></span> <span class='ocrx_word' id='word_1_233' title='bbox 869 2944 945 3002; x_wconf 89' lang='lat' dir='ltr'><em>uiris</em></span> <span class='ocrx_word' id='word_1_234' title='bbox 973 2943 1141 3001; x_wconf 83' lang='lat' dir='ltr'><em>illustribus</em></span> <span class='ocrx_word' id='word_1_235' title='bbox 1171 2943 1251 3018; x_wconf 92' lang='lat' dir='ltr'><em>quod</em></span> <span class='ocrx_word' id='word_1_236' title='bbox 1276 2942 1332 3000; x_wconf 89' lang='lat' dir='ltr'><em>sibi</em></span> 
     </span>
     <span class='ocr_line' id='line_1_29' title="bbox 171 3031 1333 3109; baseline 0.003 -23"><span class='ocrx_word' id='word_1_237' title='bbox 171 3035 347 3102; x_wconf 84' lang='lat' dir='ltr'><em>persuaserat</em></span> <span class='ocrx_word' id='word_1_238' title='bbox 369 3051 432 3091; x_wconf 90' lang='lat' dir='ltr'><em>esse</em></span> <span class='ocrx_word' id='word_1_239' title='bbox 456 3032 609 3108; x_wconf 89' lang='lat' dir='ltr'><em>epimetro.</em></span> <span class='ocrx_word' id='word_1_240' title='bbox 642 3035 675 3091; x_wconf 90' lang='lat' dir='ltr'><em>at</em></span> <span class='ocrx_word' id='word_1_241' title='bbox 697 3034 752 3092; x_wconf 91' lang='lat' dir='ltr'><em>hoe</em></span> <span class='ocrx_word' id='word_1_242' title='bbox 775 3034 893 3109; x_wconf 90' lang='lat' dir='ltr'><em>plenius</em></span> <span class='ocrx_word' id='word_1_243' title='bbox 917 3033 1126 3092; x_wconf 86' lang='lat' dir='ltr'><em>demonstrabo</em></span> <span class='ocrx_word' id='word_1_244' title='bbox 1150 3031 1182 3090; x_wconf 90' lang='lat' dir='ltr'><em>in</em></span> <span class='ocrx_word' id='word_1_245' title='bbox 1207 3031 1333 3092; x_wconf 82' lang='lat' dir='ltr'><em>Scholiis</em></span> 
     </span>
     <span class='ocr_line' id='line_1_30' title="bbox 173 3117 358 3179; baseline 0.027 -5"><span class='ocrx_word' id='word_1_246' title='bbox 173 3117 358 3179; x_wconf 85' lang='lat' dir='ltr'><em>Suetoniauis.</em></span> 
     </span>
    </p>

    <p class='ocr_par' dir='ltr' id='par_1_7' title="bbox 167 3203 1334 4176">
     <span class='ocr_line' id='line_1_31' title="bbox 250 3203 1333 3292; baseline 0 -24"><span class='ocrx_word' id='word_1_247' title='bbox 250 3213 275 3268; x_wconf 89' lang='lat'><em>3.</em></span> <span class='ocrx_word' id='word_1_248' title='bbox 300 3209 444 3285; x_wconf 86' lang='lat' dir='ltr'><em>Sequitur</em></span> <span class='ocrx_word' id='word_1_249' title='bbox 462 3210 543 3286; x_wconf 88' lang='lat' dir='ltr'><em>apud</em></span> <span class='ocrx_word' id='word_1_250' title='bbox 561 3211 835 3270; x_wconf 83' lang='lat' dir='ltr'><em>Reifferscheidium</em></span> <span class='ocrx_word' id='word_1_251' title='bbox 855 3203 956 3292; x_wconf 60' lang='lat' dir='ltr'>(107ss</span> <span class='ocrx_word' id='word_1_252' title='bbox 976 3230 1043 3288; x_wconf 85' lang='lat' dir='ltr'><em>pag.</em></span> <span class='ocrx_word' id='word_1_253' title='bbox 1061 3203 1139 3291; x_wconf 82' lang='lat'>136)</span> <span class='ocrx_word' id='word_1_254' title='bbox 1158 3215 1333 3286; x_wconf 89' lang='lat' dir='ltr'><em>promptum</em></span> 
     </span>
     <span class='ocr_line' id='line_1_32' title="bbox 172 3297 1334 3376; baseline 0.006 -25"><span class='ocrx_word' id='word_1_255' title='bbox 172 3315 200 3352; x_wconf 81' lang='lat' dir='ltr'><em>er</em></span> <span class='ocrx_word' id='word_1_256' title='bbox 224 3297 326 3358; x_wconf 89' lang='lat' dir='ltr'><em>Isidori</em></span> <span class='ocrx_word' id='word_1_257' title='bbox 353 3299 429 3357; x_wconf 77' lang='lat'><em>124</em></span> <span class='ocrx_word' id='word_1_258' title='bbox 458 3301 661 3376; x_wconf 83' lang='lat' dir='ltr'><em>fragmentum</em></span> <span class='ocrx_word' id='word_1_259' title='bbox 688 3301 743 3360; x_wconf 88' lang='lat' dir='ltr'><em>hoe</em></span> <span class='ocrx_word' id='word_1_260' title='bbox 775 3301 869 3359; x_wconf 89' lang='lat' dir='ltr'><em>Notas</em></span> <span class='ocrx_word' id='word_1_261' title='bbox 898 3303 984 3359; x_wconf 82' lang='lat' dir='ltr'><em>etiarn</em></span> <span class='ocrx_word' id='word_1_262' title='bbox 1011 3301 1174 3359; x_wconf 80' lang='lat' dir='ltr'><em>litterarum</em></span> <span class='ocrx_word' id='word_1_263' title='bbox 1200 3303 1276 3358; x_wconf 85' lang='lat' dir='ltr'><em>inter</em></span> <span class='ocrx_word' id='word_1_264' title='bbox 1303 3318 1334 3358; x_wconf 91' lang='lat' dir='ltr'><em>se</em></span> 
     </span>
     <span class='ocr_line' id='line_1_33' title="bbox 171 3389 1331 3462; baseline 0.004 -20"><span class='ocrx_word' id='word_1_265' title='bbox 171 3390 266 3446; x_wconf 85' lang='lat' dir='ltr'><em>ueteres</em></span> <span class='ocrx_word' id='word_1_266' title='bbox 287 3389 445 3459; x_wconf 79' lang='lat' dir='ltr'><em>faciebant,</em></span> <span class='ocrx_word' id='word_1_267' title='bbox 473 3393 506 3446; x_wconf 89' lang='lat' dir='ltr'><em>nt</em></span> <span class='ocrx_word' id='word_1_268' title='bbox 532 3390 673 3462; x_wconf 80' lang='lat' dir='ltr'><em>pnidpnid</em></span> <span class='ocrx_word' id='word_1_269' title='bbox 699 3392 803 3448; x_wconf 86' lang='lat' dir='ltr'><em>oecnlte</em></span> <span class='ocrx_word' id='word_1_270' title='bbox 829 3392 955 3448; x_wconf 78' lang='lat' dir='ltr'><em>inuicem</em></span> <span class='ocrx_word' id='word_1_271' title='bbox 972 3408 1029 3462; x_wconf 84' lang='lat' dir='ltr'><em>per</em></span> <span class='ocrx_word' id='word_1_272' title='bbox 1055 3391 1218 3462; x_wconf 83' lang='lat' dir='ltr'><em>scriptnras</em></span> <span class='ocrx_word' id='word_1_273' title='bbox 1242 3391 1331 3462; x_wconf 80' lang='lat' dir='ltr'><em>sipni-</em></span> 
     </span>
     <span class='ocr_line' id='line_1_34' title="bbox 171 3469 1333 3558; baseline 0.003 -26"><span class='ocrx_word' id='word_1_274' title='bbox 171 3476 249 3542; x_wconf 71' lang='lat' dir='ltr'><em>dcere</em></span> <span class='ocrx_word' id='word_1_275' title='bbox 273 3478 377 3535; x_wconf 84' lang='lat' dir='ltr'><em>uellent</em></span> <span class='ocrx_word' id='word_1_276' title='bbox 403 3469 532 3558; x_wconf 54' lang='lat' dir='ltr'><em>aaran)</em></span> <span class='ocrx_word' id='word_1_277' title='bbox 563 3479 725 3536; x_wconf 84' lang='lat' dir='ltr'><em>scriberent.</em></span> <span class='ocrx_word' id='word_1_278' title='bbox 756 3481 833 3537; x_wconf 90' lang='lat' dir='ltr'><em>testis</em></span> <span class='ocrx_word' id='word_1_279' title='bbox 864 3483 905 3537; x_wconf 89' lang='lat' dir='ltr'><em>est</em></span> <span class='ocrx_word' id='word_1_280' title='bbox 936 3479 1064 3545; x_wconf 81' lang='lat' dir='ltr'><em>Brntns,</em></span> <span class='ocrx_word' id='word_1_281' title='bbox 1096 3480 1145 3551; x_wconf 78' lang='lat' dir='ltr'><em>qni</em></span> <span class='ocrx_word' id='word_1_282' title='bbox 1175 3496 1248 3536; x_wconf 88' lang='lat' dir='ltr'><em>nsns</em></span> <span class='ocrx_word' id='word_1_283' title='bbox 1277 3479 1333 3535; x_wconf 85' lang='lat' dir='ltr'><em>bis</em></span> 
     </span>
     <span class='ocr_line' id='line_1_35' title="bbox 171 3563 1333 3641; baseline 0.005 -23"><span class='ocrx_word' id='word_1_284' title='bbox 171 3563 289 3624; x_wconf 83' lang='lat' dir='ltr'><em>litteris</em></span> <span class='ocrx_word' id='word_1_285' title='bbox 317 3584 351 3624; x_wconf 89' lang='lat' dir='ltr'><em>ea</em></span> <span class='ocrx_word' id='word_1_286' title='bbox 378 3585 452 3639; x_wconf 78' lang='lat' dir='ltr'><em>pauc</em></span> <span class='ocrx_word' id='word_1_287' title='bbox 479 3571 599 3625; x_wconf 88' lang='lat' dir='ltr'><em>actnrns</em></span> <span class='ocrx_word' id='word_1_288' title='bbox 627 3572 689 3625; x_wconf 84' lang='lat' dir='ltr'><em>erat</em></span> <span class='ocrx_word' id='word_1_289' title='bbox 715 3569 834 3626; x_wconf 88' lang='lat' dir='ltr'><em>notabat</em></span> <span class='ocrx_word' id='word_1_290' title='bbox 860 3569 1061 3641; x_wconf 78' lang='lat' dir='ltr'><em>ipnorantibns</em></span> <span class='ocrx_word' id='word_1_291' title='bbox 1091 3568 1159 3625; x_wconf 85' lang='lat' dir='ltr'><em>aliis</em></span> <span class='ocrx_word' id='word_1_292' title='bbox 1182 3568 1253 3639; x_wconf 77' lang='lat' dir='ltr'><em>qnid</em></span> <span class='ocrx_word' id='word_1_293' title='bbox 1275 3567 1333 3624; x_wconf 83' lang='lat' dir='ltr'><em>sibi</em></span> 
     </span>
     <span class='ocr_line' id='line_1_36' title="bbox 170 3654 1332 3731; baseline 0.002 -21"><span class='ocrx_word' id='word_1_294' title='bbox 170 3654 263 3711; x_wconf 83' lang='lat' dir='ltr'><em>uellent</em></span> <span class='ocrx_word' id='word_1_295' title='bbox 287 3657 350 3713; x_wconf 86' lang='lat' dir='ltr'><em>bac</em></span> <span class='ocrx_word' id='word_1_296' title='bbox 377 3657 526 3714; x_wconf 82' lang='lat' dir='ltr'><em>litterae.</em></span> <span class='ocrx_word' id='word_1_297' title='bbox 573 3656 655 3714; x_wconf 91' lang='lat' dir='ltr'><em>Haec</em></span> <span class='ocrx_word' id='word_1_298' title='bbox 684 3657 823 3731; x_wconf 87' lang='lat' dir='ltr'><em>quamuis</em></span> <span class='ocrx_word' id='word_1_299' title='bbox 853 3676 871 3714; x_wconf 91' lang='lat' dir='ltr'><em>a</em></span> <span class='ocrx_word' id='word_1_300' title='bbox 898 3656 974 3715; x_wconf 92' lang='lat' dir='ltr'><em>libro</em></span> <span class='ocrx_word' id='word_1_301' title='bbox 1003 3656 1038 3714; x_wconf 90' lang='lat' dir='ltr'><em>de</em></span> <span class='ocrx_word' id='word_1_302' title='bbox 1062 3656 1136 3713; x_wconf 89' lang='lat' dir='ltr'><em>uiris</em></span> <span class='ocrx_word' id='word_1_303' title='bbox 1160 3655 1332 3712; x_wconf 90' lang='lat' dir='ltr'><em>illustribus</em></span> 
     </span>
     <span class='ocr_line' id='line_1_37' title="bbox 170 3741 1332 3821; baseline 0.003 -24"><span class='ocrx_word' id='word_1_304' title='bbox 170 3741 223 3799; x_wconf 87' lang='lat' dir='ltr'><em>siut</em></span> <span class='ocrx_word' id='word_1_305' title='bbox 243 3744 348 3820; x_wconf 81' lang='lat' dir='ltr'><em>aliena,</em></span> <span class='ocrx_word' id='word_1_306' title='bbox 371 3748 497 3819; x_wconf 89' lang='lat' dir='ltr'><em>possunt</em></span> <span class='ocrx_word' id='word_1_307' title='bbox 520 3748 621 3803; x_wconf 88' lang='lat' dir='ltr'><em>tamen</em></span> <span class='ocrx_word' id='word_1_308' title='bbox 645 3763 707 3804; x_wconf 89' lang='lat' dir='ltr'><em>esse</em></span> <span class='ocrx_word' id='word_1_309' title='bbox 731 3747 879 3804; x_wconf 89' lang='lat' dir='ltr'><em>translata</em></span> <span class='ocrx_word' id='word_1_310' title='bbox 902 3765 937 3804; x_wconf 82' lang='lat' dir='ltr'><em>ex</em></span> <span class='ocrx_word' id='word_1_311' title='bbox 957 3765 1044 3821; x_wconf 90' lang='lat' dir='ltr'><em>opere</em></span> <span class='ocrx_word' id='word_1_312' title='bbox 1064 3745 1166 3819; x_wconf 91' lang='lat' dir='ltr'><em>aliquo</em></span> <span class='ocrx_word' id='word_1_313' title='bbox 1187 3744 1332 3820; x_wconf 78' lang='lat' dir='ltr'><em>Suetonii,</em></span> 
     </span>
     <span class='ocr_line' id='line_1_38' title="bbox 169 3832 1334 3913; baseline 0.002 -25"><span class='ocrx_word' id='word_1_314' title='bbox 169 3850 229 3888; x_wconf 87' lang='lat' dir='ltr'><em>eum</em></span> <span class='ocrx_word' id='word_1_315' title='bbox 250 3836 285 3890; x_wconf 93' lang='lat' dir='ltr'><em>ut</em></span> <span class='ocrx_word' id='word_1_316' title='bbox 308 3833 368 3890; x_wconf 91' lang='lat' dir='ltr'><em>alia</em></span> <span class='ocrx_word' id='word_1_317' title='bbox 391 3835 446 3893; x_wconf 91' lang='lat' dir='ltr'><em>hoe</em></span> <span class='ocrx_word' id='word_1_318' title='bbox 469 3835 534 3893; x_wconf 88' lang='lat' dir='ltr'><em>loeo</em></span> <span class='ocrx_word' id='word_1_319' title='bbox 559 3834 596 3892; x_wconf 91' lang='lat' dir='ltr'><em>ab</em></span> <span class='ocrx_word' id='word_1_320' title='bbox 619 3834 733 3893; x_wconf 90' lang='lat' dir='ltr'><em>Isidoro</em></span> <span class='ocrx_word' id='word_1_321' title='bbox 753 3835 879 3895; x_wconf 88' lang='lat' dir='ltr'><em>collecta</em></span> <span class='ocrx_word' id='word_1_322' title='bbox 898 3835 942 3892; x_wconf 90' lang='lat' dir='ltr'><em>ita</em></span> <span class='ocrx_word' id='word_1_323' title='bbox 961 3837 991 3892; x_wconf 92' lang='lat' dir='ltr'><em>et</em></span> <span class='ocrx_word' id='word_1_324' title='bbox 1010 3834 1075 3909; x_wconf 89' lang='lat' dir='ltr'><em>ipsa</em></span> <span class='ocrx_word' id='word_1_325' title='bbox 1095 3832 1185 3891; x_wconf 92' lang='lat' dir='ltr'><em>Probi</em></span> <span class='ocrx_word' id='word_1_326' title='bbox 1204 3833 1334 3913; x_wconf 88' lang='lat' dir='ltr'><em>prodant</em></span> 
     </span>
     <span class='ocr_line' id='line_1_39' title="bbox 168 3919 1334 3998; baseline 0.001 -20"><span class='ocrx_word' id='word_1_327' title='bbox 168 3919 331 3980; x_wconf 83' lang='lat' dir='ltr'><em>doctrinam.</em></span> <span class='ocrx_word' id='word_1_328' title='bbox 365 3922 526 3983; x_wconf 83' lang='lat' dir='ltr'><em>Suetonius</em></span> <span class='ocrx_word' id='word_1_329' title='bbox 550 3926 651 3981; x_wconf 88' lang='lat' dir='ltr'><em>tamen</em></span> <span class='ocrx_word' id='word_1_330' title='bbox 674 3923 779 3982; x_wconf 89' lang='lat' dir='ltr'><em>dubito</em></span> <span class='ocrx_word' id='word_1_331' title='bbox 803 3943 875 3981; x_wconf 91' lang='lat' dir='ltr'><em>num</em></span> <span class='ocrx_word' id='word_1_332' title='bbox 899 3923 1065 3998; x_wconf 89' lang='lat' dir='ltr'><em>scripturus</em></span> <span class='ocrx_word' id='word_1_333' title='bbox 1089 3922 1193 3980; x_wconf 83' lang='lat' dir='ltr'><em>fuerit:</em></span> <span class='ocrx_word' id='word_1_334' title='bbox 1218 3923 1334 3980; x_wconf 83' lang='lat' dir='ltr'><em>Brntns</em></span> 
     </span>
     <span class='ocr_line' id='line_1_40' title="bbox 168 4004 1334 4092; baseline 0.003 -26"><span class='ocrx_word' id='word_1_335' title='bbox 168 4029 231 4068; x_wconf 78' lang='lat' dir='ltr'><em>aens</em></span> <span class='ocrx_word' id='word_1_336' title='bbox 251 4013 305 4068; x_wconf 86' lang='lat' dir='ltr'><em>bis</em></span> <span class='ocrx_word' id='word_1_337' title='bbox 329 4012 458 4070; x_wconf 84' lang='lat' dir='ltr'><em>litteris</em></span> <span class='ocrx_word' id='word_1_338' title='bbox 482 4004 574 4092; x_wconf 88' lang='lat' dir='ltr'><em>(quae</em></span> <span class='ocrx_word' id='word_1_339' title='bbox 598 4032 634 4070; x_wconf 90' lang='lat' dir='ltr'><em>ne</em></span> <span class='ocrx_word' id='word_1_340' title='bbox 657 4012 866 4071; x_wconf 87' lang='lat' dir='ltr'><em>describuntur</em></span> <span class='ocrx_word' id='word_1_341' title='bbox 890 4005 1024 4090; x_wconf 75' lang='lat' dir='ltr'><em>quidem)</em></span> <span class='ocrx_word' id='word_1_342' title='bbox 1054 4031 1088 4070; x_wconf 91' lang='lat' dir='ltr'><em>ea</em></span> <span class='ocrx_word' id='word_1_343' title='bbox 1116 4031 1190 4084; x_wconf 80' lang='lat' dir='ltr'><em>qnae</em></span> <span class='ocrx_word' id='word_1_344' title='bbox 1213 4016 1334 4070; x_wconf 84' lang='lat' dir='ltr'><em>acturas</em></span> 
     </span>
     <span class='ocr_line' id='line_1_41' title="bbox 167 4101 1334 4176; baseline 0.003 -21"><span class='ocrx_word' id='word_1_345' title='bbox 167 4104 223 4157; x_wconf 87' lang='lat' dir='ltr'><em>eret</em></span> <span class='ocrx_word' id='word_1_346' title='bbox 238 4101 357 4158; x_wconf 88' lang='lat' dir='ltr'><em>notabat</em></span> <span class='ocrx_word' id='word_1_347' title='bbox 374 4103 575 4174; x_wconf 80' lang='lat' dir='ltr'><em>ipnorantibas</em></span> <span class='ocrx_word' id='word_1_348' title='bbox 594 4102 662 4160; x_wconf 89' lang='lat' dir='ltr'><em>aliis</em></span> <span class='ocrx_word' id='word_1_349' title='bbox 681 4103 751 4174; x_wconf 78' lang='lat' dir='ltr'><em>qnid</em></span> <span class='ocrx_word' id='word_1_350' title='bbox 769 4103 824 4161; x_wconf 87' lang='lat' dir='ltr'><em>sibi</em></span> <span class='ocrx_word' id='word_1_351' title='bbox 842 4102 948 4159; x_wconf 88' lang='lat' dir='ltr'><em>ncllcnt</em></span> <span class='ocrx_word' id='word_1_352' title='bbox 965 4103 1029 4159; x_wconf 88' lang='lat' dir='ltr'><em>bae</em></span> <span class='ocrx_word' id='word_1_353' title='bbox 1053 4103 1213 4170; x_wconf 65' lang='lat' dir='ltr'><em>litterae·</em></span> <span class='ocrx_word' id='word_1_354' title='bbox 1238 4120 1334 4176; x_wconf 89' lang='lat' dir='ltr'><em>neque</em></span> 
     </span>
    </p>
   </div>
   <div class='ocr_carea' id='block_1_6' title="bbox 163 4321 1334 4535">
    <p class='ocr_par' dir='ltr' id='par_1_8' title="bbox 163 4321 1334 4535">
     <span class='ocr_line' id='line_1_42' title="bbox 231 4321 1333 4392; baseline 0 -16"><span class='ocrx_word' id='word_1_355' title='bbox 231 4326 256 4392; x_wconf 92' lang='lat'><em>1)</em></span> <span class='ocrx_word' id='word_1_356' title='bbox 276 4323 308 4376; x_wconf 87' lang='lat' dir='ltr'><em>A.</em></span> <span class='ocrx_word' id='word_1_357' title='bbox 330 4328 398 4376; x_wconf 89' lang='grc'>1864</span> <span class='ocrx_word' id='word_1_358' title='bbox 416 4323 445 4376; x_wconf 92' lang='lat' dir='ltr'><em>in</em></span> <span class='ocrx_word' id='word_1_359' title='bbox 465 4323 614 4391; x_wconf 84' lang='lat' dir='ltr'><em>Symbolae</em></span> <span class='ocrx_word' id='word_1_360' title='bbox 629 4322 839 4378; x_wconf 84' lang='lat' dir='ltr'><em>Ritschelianae</em></span> <span class='ocrx_word' id='word_1_361' title='bbox 853 4341 879 4391; x_wconf 88' lang='lat' dir='ltr'><em>p.</em></span> <span class='ocrx_word' id='word_1_362' title='bbox 895 4327 955 4390; x_wconf 82' lang='lat'>532,</span> <span class='ocrx_word' id='word_1_363' title='bbox 974 4339 1047 4375; x_wconf 89' lang='lat' dir='ltr'><em>nunc</em></span> <span class='ocrx_word' id='word_1_364' title='bbox 1066 4321 1096 4375; x_wconf 91' lang='lat' dir='ltr'><em>in</em></span> <span class='ocrx_word' id='word_1_365' title='bbox 1115 4323 1241 4376; x_wconf 87' lang='lat' dir='ltr'><em>eiusdem</em></span> <span class='ocrx_word' id='word_1_366' title='bbox 1260 4322 1333 4376; x_wconf 91' lang='lat' dir='ltr'><em>libro</em></span> 
     </span>
     <span class='ocr_line' id='line_1_43' title="bbox 163 4395 531 4463; baseline -0.005 -14"><span class='ocrx_word' id='word_1_367' title='bbox 163 4395 332 4462; x_wconf 87' lang='lat' dir='ltr'><em>‘Beitraege&#39;</em></span> <span class='ocrx_word' id='word_1_368' title='bbox 354 4396 405 4447; x_wconf 86' lang='lat' dir='ltr'><em>ete.</em></span> <span class='ocrx_word' id='word_1_369' title='bbox 424 4413 451 4463; x_wconf 89' lang='lat' dir='ltr'><em>p.</em></span> <span class='ocrx_word' id='word_1_370' title='bbox 473 4399 531 4447; x_wconf 82' lang='lat'>182.</span> 
     </span>
     <span class='ocr_line' id='line_1_44' title="bbox 228 4463 1334 4535; baseline 0.005 -17"><span class='ocrx_word' id='word_1_371' title='bbox 228 4469 256 4535; x_wconf 76' lang='lat'><em>2)</em></span> <span class='ocrx_word' id='word_1_372' title='bbox 276 4464 429 4534; x_wconf 84' lang='lat' dir='ltr'><em>Uulgatam</em></span> <span class='ocrx_word' id='word_1_373' title='bbox 446 4468 559 4535; x_wconf 87' lang='lat' dir='ltr'><em>praeter</em></span> <span class='ocrx_word' id='word_1_374' title='bbox 577 4465 687 4520; x_wconf 87' lang='lat' dir='ltr'><em>codices</em></span> <span class='ocrx_word' id='word_1_375' title='bbox 710 4465 860 4520; x_wconf 84' lang='lat' dir='ltr'><em>lectionem</em></span> <span class='ocrx_word' id='word_1_376' title='bbox 879 4471 972 4519; x_wconf 76' lang='lat' dir='ltr'><em>enatae</em></span> <span class='ocrx_word' id='word_1_377' title='bbox 996 4464 1102 4535; x_wconf 88' lang='lat' dir='ltr'><em>recepit</em></span> <span class='ocrx_word' id='word_1_378' title='bbox 1124 4463 1334 4524; x_wconf 80' lang='lat' dir='ltr'><em>Reifferscheid.</em></span> 
     </span>
    </p>
   </div>
   <div class='ocr_carea' id='block_1_7' title="bbox 0 0 1508 5002">
    <p class='ocr_par' dir='ltr' id='par_1_9' title="bbox 0 0 1508 5002">
     <span class='ocr_line' id='line_1_45' title="bbox 0 0 1508 5002; baseline 0 0"><span class='ocrx_word' id='word_1_379' title='bbox 0 0 1508 5002; x_wconf 95' lang='lat' dir='ltr'><em> </em></span> 
     </span>
    </p>
   </div>
  </div>
 </body>
</html>
