2986 5002
624 287 864 349 -134,

153 453 363 512 uerbosatio
387 451 563 509 Liutbertus
585 451 755 526 archiepisc.
775 451 943 528 lloguntin.
967 452 1000 509 in
1022 451 1097 510 leffe
1116 471 1250 511 monum.
1269 453 1327 512 Mo·

199 543 315 620 guntin.
336 563 363 616 p.
381 543 443 600 333
468 541 693 599 uerbosationes
712 560 816 598 eorum
833 541 986 599 reuincere
1004 561 1065 600 non
1084 541 1282 601 inuenientes.

152 652 285 690 uernor
312 631 412 706 script.
440 629 573 706 Langob.
606 622 784 708 (Hannover
808 622 908 709 1878)
942 633 1006 690 313
1031 633 1050 690 9
1083 650 1237 691 marmora
1265 651 1330 691 cum

197 721 289 779 radiis
312 722 488 794 uernantur,
514 738 608 794 cerne,
632 719 750 777 serenis

154 809 361 885 uerpidium
386 833 427 854 =
451 808 582 866 uerbena
604 807 741 866 Dioskor.
764 807 808 864 lv
829 811 866 867 61
894 808 956 867 cod.
975 808 1012 866 N.

154 899 332 957 uersatim
360 896 506 955 (hlotarii
534 897 651 955 constit.
676 898 711 954 A.
727 897 762 954 D.
784 900 848 956 560
876 890 923 976 (in
945 898 1065 955 Baluzii
1088 899 1250 974 capitular.
1274 920 1331 977 reg.

198 986 332 1045 Franci
348 979 382 1049 7)
402 987 427 1042 si
446 986 535 1043 iudex
554 986 686 1061 aliquem
705 992 810 1044 contra
832 986 930 1063 legem
948 987 1060 1045 iniuste
1079 987 1281 1066 damnauerit,
1302 989 1332 1046 in

198 1076 293 1135 nostri
313 1075 449 1133 absentia
468 1075 505 1132 ab
524 1075 671 1149 episcopis
690 1075 864 1151 castigetur,
883 1080 920 1132 ut
934 1076 1016 1150 quod
1033 1095 1158 1152 perpere
1178 1077 1332 1155 iudicauit,

198 1165 343 1223 uersatim
365 1164 473 1222 melius
496 1164 679 1222 discussione
702 1163 807 1220 habita
829 1165 986 1223 emendare
1008 1169 1159 1240 procuret.

155 1274 293 1330 uersor,
317 1253 385 1330 oriS,
408 1274 436 1310 n.
453 1272 474 1310 s,
498 1254 663 1325 Mommsen
686 1253 845 1311 Unterital.
864 1253 1005 1312 Dialekte
1026 1258 1088 1314 191
1110 1258 1131 1314 t.
1146 1256 1207 1314 XII
1225 1257 1333 1317 Diouei

200 1343 339 1402 Versorei
362 1347 489 1400 taurom.

155 1433 368 1490 ueruclatus
391 1432 469 1508 Aug.
489 1438 604 1507 quaest.
623 1431 655 1487 in
674 1430 762 1489 iudic.
784 1434 824 1489 23
845 1422 903 1510 (ed.
920 1431 1045 1510 Gaume,
1062 1435 1159 1510 1836,
1177 1434 1226 1493 ΠΙ
1240 1427 1332 1514 9321)

200 1520 322 1596 proinde
347 1524 401 1578 aut
424 1520 485 1578 alia
508 1521 602 1579 clauis
626 1521 721 1577 allata
744 1523 797 1596 est,
821 1523 876 1577 aut
894 1521 955 1579 tale
974 1522 1132 1581 clausurae
1156 1543 1254 1600 genus
1276 1525 1334 1582 fuit

200 1611 280 1686 quod
304 1610 367 1667 sine
391 1610 471 1667 claui
494 1613 595 1685 posset
617 1608 727 1685 claudi,
754 1628 807 1668 nec
830 1608 893 1667 sine
917 1610 998 1669 claui
1021 1611 1140 1685 aperiri.
1170 1632 1243 1671 nam
1265 1616 1334 1672 sunt

201 1699 349 1774 quaedam
372 1699 455 1774 talia,
480 1699 558 1757 siout
581 1718 617 1756 ea
640 1717 717 1772 quae
740 1698 897 1756 ueruclata
919 1699 1069 1758 dicuntur.

156 1789 298 1846 uetatio
323 1788 405 1846 Seru.
425 1787 498 1846 Aen.
518 1789 545 1845 X
565 1791 582 1846 9
608 1786 715 1856 QVAE
735 1786 897 1845 CONTRA
914 1789 1098 1848 VETITVM
1116 1789 1334 1851 DISCORDIA

201 1877 441 1952 uetationem,
465 1877 697 1952 prohibitionem
720 1896 824 1934 meam.
1388 1855 1423 1903 ρ’

156 1967 289 2025 uiatim
321 1967 407 2042 Greg.
432 1966 501 2024 Tur.
533 1967 568 2025 de
599 1965 698 2023 mirac.
746 1965 774 2022 S.
805 1965 917 2022 iuliani
949 1968 990 2024 32
1023 1958 1065 2046 (p.
1087 1969 1151 2026 577
1174 1959 1233 2049 26)
1264 1969 1351 2028 dum·

200 2056 309 2112 uiatim
333 2047 397 2134 (sic
421 2056 492 2113 cod.
511 2077 553 2130 p.;
578 2054 651 2112 edd.
675 2047 834 2123 1111111111)
859 2054 1014 2128 psallendo
1037 2056 1217 2132 regreditur.

155 2146 306 2202 uicenus
326 2145 440 2201 Paulus
454 2144 617 2221 Diaconus·
625 2144 660 2202 de
676 2143 777 2201 ordine
792 2143 972 2201 lietensium
990 2144 1200 2224 episcoporum
1219 2138 1334 2228 (iligna

198 2232 305 2307 patrol.
325 2232 404 2289 XCV
425 2232 516 2312 722⁰)
540 2233 664 2291 uicenus
688 2233 872 2307 quintusque
895 2232 1004 2290 Petrus
1028 2234 1082 2291 dat
1103 2234 1221 2294 famina
1243 2237 1331 2312 plebi.

155 2321 360 2380 uicinantia
390 2321 480 2379 Arist.
503 2323 577 2380 rhet.
602 2322 633 2379 Π
653 2325 691 2379 21
723 2313 765 2402 (p.
788 2324 848 2381 281
872 2324 1002 2380 22-24
1018 2314 1084 2403 Sp.)
1116 2323 1142 2382 si
1167 2325 1237 2400 quis
1260 2345 1334 2384 usus

200 2410 292 2469 fuerit
313 2409 421 2468 uicinis
445 2412 500 2468 aut
522 2410 591 2468 filiis
615 2411 726 2488 prauiS,
755 2410 924 2484 acceptabit
946 2411 1054 2487 utique
1076 2411 1236 2491 dicentem,
1260 2415 1336 2473 nihil

201 2499 368 2558 uicinantia
386 2499 546 2576 difficilius,
571 2503 625 2557 aut
644 2500 716 2574 quia
734 2500 810 2556 nihil
829 2500 953 2558 stultius
973 2520 1065 2576 quam
1083 2500 1161 2563 filios
1180 2523 1337 2578 procreare

201 2581 243 2669 (p.
262 2591 346 2648 1305
365 2588 384 2646 b
404 2592 422 2646 9
448 2585 536 2648 οὐδὲν
558 2588 701 2667 γειτονίας
724 2580 948 2669 χαλεπώτερον).
977 2656 982 2667 .

157 2677 471 2737 uicissitudinalis
495 2677 619 2736 Aristot.
643 2679 717 2736 rhet.
741 2678 825 2736 ΠΙ9
851 2668 893 2757 (p.
911 2680 975 2736 314
1002 2671 1212 2761 23-26611.)
1236 2682 1335 2742 elocu-

201 2768 314 2826 tionem
337 2770 439 2825 autem
462 2786 579 2826 necesse
600 2785 663 2825 esse
687 2769 742 2824 aut
764 2785 997 2841 consuspensam
1019 2770 1051 2827 et
1073 2769 1337 2831 coniunctionibus

201 2876 305 2932 unam,
334 2856 412 2914 sicut
435 2875 513 2930 quae
536 2856 567 2913 in
591 2855 767 2930 dityrambis
792 2856 1014 2933 suspensiones,
1045 2859 1100 2915 aut
1122 2858 1336 2920 decisionalem

202 2949 233 3003 et
255 2945 382 3004 similem
405 2934 696 3004 uicissitudinalibus
723 2948 862 3003 ueterum
891 2948 1052 3020 poetarum
1079 2937 1122 3026 (p.
1140 2948 1225 3008 1409
1251 2969 1271 3008 a
1294 2953 1335 3010 26

202 3030 306 3110 ὁμοίαν
330 3038 392 3105 ταῖς
415 3041 473 3092 τῶν
496 3031 625 3113 ἀρχαίων
648 3041 780 3109 ποιητῶν
803 3025 1032 3113 ἀντιστρόφοις).

158 3122 397 3180 uiliabundus
422 3115 520 3203 (bilis)
545 3149 587 3169 =
606 3123 776 3181 iracundus,
808 3124 1182 3199 111111811111162771)
1205 3129 1335 3187 12-15

203 3210 398 3270 uiliabundus
422 3212 497 3270 dixit
520 3213 565 3270 illi
588 3212 702 3271 homini
726 3211 849 3270 extende
874 3232 998 3271 manum
1020 3216 1105 3272 tuam
1130 3205 1253 3294 (Luco
1271 3207 1337 3295 10).

159 3300 287 3359 uilicio
316 3301 396 3359 Oass.
420 3302 480 3359 Fal.
507 3322 529 3360 c.
550 3301 659 3359 44111.
684 3322 712 3376 p.
735 3304 834 3360 1121
866 3319 967 3361 amaus
994 3301 1026 3360 id
1053 3304 1099 3361 est
1121 3303 1244 3364 seminis
1266 3305 1337 3365 uili-

206 3388 306 3447 cionia
330 3409 353 3448 c.
370 3393 411 3448 16
436 3393 598 3465 1112411
626 3409 725 3448 amcos
749 3389 869 3449 seminis
893 3390 924 3449 id
947 3392 993 3449 est
1015 3390 1174 3451 uiliciouis.

159 3477 345 3536 uinaticus
376 3479 510 3556 Thegani
540 3479 606 3536 uita
634 3479 781 3538 Ludouiei
810 3480 946 3555 imperat.
972 3481 1012 3540 52
1047 3471 1163 3561 (Migne
1186 3485 1337 3563 patrolog.

204 3567 270 3624 671
289 3559 382 3648 4251)
406 3567 495 3625 iussit
517 3567 549 3625 in
572 3587 644 3626 uase
662 3567 796 3628 uinatico
816 3569 954 3628 claudere
973 3570 1005 3627 et
1021 3568 1154 3644 proicere
1174 3569 1207 3630 in
1225 3572 1338 3633 flumen

203 3656 330 3715 Ararim.

159 3746 373 3823 uirginifico
396 3748 456 3804 uet.
477 3746 598 3821 interpr.
619 3750 774 3806 comment.
791 3745 929 3824 Origenis
947 3746 979 3804 in
994 3747 1079 3806 Matt.
1095 3767 1118 3807 c.
1135 3750 1177 3809 63
1198 3740 1338 3830 (111353

204 3827 333 3914 1111111111.)
357 3856 416 3894 non
440 3835 687 3894 irrationabiliter
707 3836 834 3895 dicimus
858 3855 961 3895 sensus
984 3835 1127 3914 omnium,
1150 3837 1206 3914 qui
1229 3839 1340 3900 didice-

204 3927 275 3982 runt
298 3925 415 4001 diuina,
446 3925 725 4000 quomodocumque
753 3926 880 3984 uerbum
903 3924 1025 3983 Domini
1051 3931 1242 4005 receperunt,
1272 3929 1340 3990 siue

206 4013 359 4072 occasione
389 4013 453 4072 siue
483 4014 625 4091 ueritate,
656 4014 736 4089 quod
759 4014 892 4092 uirgines
920 4017 992 4072 sunt
1020 4013 1256 4096 uirginificatae,
1285 4039 1341 4095 per

203 4102 330 4161 uerbum
354 4102 409 4160 Dei
433 4102 482 4161 cui
506 4102 695 4162 crediderunt
717 4107 772 4162 aut
795 4103 912 4162 credere
934 4103 1051 4162 uolunt.

160 4191 343 4268 uirginius
370 4217 409 4238 =
435 4191 561 4250 maritus
585 4212 603 4250 a
626 4192 816 4270 uirginitate:
840 4193 884 4252 De
908 4191 995 4251 Rossi
1018 4191 1104 4252 inser.
1125 4191 1234 4254 Christ
1254 4196 1341 4257 urbis

205 4280 316 4338 Romae
340 4281 354 4338 1
377 4301 405 4354 p.
423 4284 463 4340 23
488 4301 514 4338 n.
533 4283 571 4339 17
597 4281 631 4339 A.
648 4281 682 4338 D.
706 4286 776 4340 2111.
800 4303 828 4358 p.
847 4284 908 4340 272
934 4302 961 4340 n.
979 4284 1041 4342 636
1065 4280 1101 4340 Α.
1115 4282 1152 4341 D.
1172 4284 1248 4344 423.

160 4368 421 4427 uiridariolum
445 4369 531 4447 Greg.
557 4370 626 4427 Tur.
651 4371 724 4447 glor.
749 4372 871 4430 confess.
898 4373 939 4429 23
963 4361 1005 4449 (p.
1023 4373 1085 4431 762
1107 4372 1280 4435 25-763
1303 4367 1339 4455 l)

204 4457 305 4534 ibique
319 4457 350 4516 in
364 4457 548 4536 uiridariolo,
568 4478 658 4534 quem
673 4453 710 4534 <1
727 4459 808 4534 quod
822 4454 917 4536 edd.)
931 4478 1024 4518 mauu
1037 4459 1161 4536 propria
1174 4463 1339 4524 excolebat.
