2986 5002
666 237 905 300 -292-

244 401 369 459 Carinae
407 402 565 476 aliquanto
606 401 756 474 planiores

199 511 290 566 quam
322 494 493 549 nostrarum
525 489 662 565 navium,
696 508 756 564 quo

198 580 317 639 facilius
334 581 410 638 vada
429 598 463 637 ac
483 579 635 636 decessum
655 581 756 635 aestus

198 660 331 744 excipere
376 671 511 743 possent3
556 686 661 741 prorae
706 667 755 723 ad·

197 759 319 816 modum
338 760 453 815 erectae
479 759 569 830 atque
589 756 662 813 item
680 775 756 830 pup-

197 866 248 922 pes
277 846 313 904 ad
343 845 581 922 magnitudinem
608 845 756 902 fluctuum

198 939 473 1010 tempestatumque
507 933 756 1009 accommodatae,

198 1042 307 1082 naves
326 1027 425 1082 totae
440 1023 560 1080 factae
576 1043 616 1080 ex
630 1023 756 1080 robore

198 1114 240 1170 ad
256 1112 420 1188 quamvis
435 1112 506 1169 vim
521 1115 555 1168 ct
574 1114 756 1170 contume-

198 1203 285 1259 liam
308 1200 570 1276 perferendam,
593 1203 757 1256 transtra

199 1311 237 1348 ex
256 1290 451 1365 pedalibus
469 1290 505 1345 in
522 1289 757 1346 altitudinem

198 1379 367 1437 trabibus
391 1378 534 1436 confixa
553 1378 667 1436 clavis
686 1379 756 1435 fer-

198 1468 270 1527 reis
303 1468 411 1544 digiti
444 1466 593 1542 pollicis
627 1467 756 1524 crassi-

181 1557 337 1631 tudine,
358 1574 509 1613 ancorae
529 1575 592 1630 pro
607 1555 756 1612 funibus

198 1647 327 1705 ferreis
349 1668 352 1672 ·
373 1645 512 1703 catenis
557 1645 755 1718 revinctae3

198 1736 290 1810 pelles
314 1754 367 1809 pro
387 1734 460 1792 velis
480 1734 642 1808 alutaeque
669 1737 755 1791 tenu-

198 1825 256 1883 iter
279 1825 443 1898 confectae,
470 1823 525 1880 hae
552 1822 613 1880 sive
634 1825 757 1897 propter

199 1914 253 1970 lini
272 1913 404 1988 inopiam
417 1914 514 1986 atque
534 1911 598 1969 eius
617 1930 690 1968 usus
712 1912 755 1968 in-

199 2002 362 2078 scientiam,
377 2000 438 2058 sive
449 2019 491 2076 eo,
508 2001 588 2075 quod
602 2004 647 2058 cst
660 2000 755 2077 magis

197 2091 367 2165 verisimile,
385 2089 465 2164 quod
480 2092 580 2146 tantas
595 2091 755 2164 tempesta-

198 2183 243 2238 tes
281 2177 392 2237 Oceani
428 2180 589 2252 tantosque
626 2178 756 2253 impetus

197 2272 356 2327 ventorum
402 2266 543 2324 sustineri
590 2286 624 2325 ac
669 2270 756 2325 tanta

198 2377 288 2416 onera
324 2356 448 2432 navium
484 2355 547 2432 regi
584 2355 658 2414 velis
696 2377 755 2415 non

197 2447 271 2504 satis
308 2443 460 2504 commode
501 2462 586 2519 posse
629 2444 754 2503 arbitra·

196 2536 314 2594 bantur.
352 2534 427 2592 Cum
436 2533 483 2590 his
496 2533 622 2591 navibus
637 2537 757 2593 nostrae

197 2625 285 2684 classi
309 2622 455 2682 eiusmodi
479 2642 654 2699 congressus
684 2628 756 2700 erat,

197 2717 313 2771 11111111
332 2712 484 2770 celeritate
503 2715 534 2770 et
552 2713 643 2786 pulsu
662 2732 756 2771 remo-

197 2823 265 2860 rum
288 2804 463 2877 praestaret,
488 2800 605 2876 reliqua
623 2821 677 2875 pro
699 2801 756 2860 loci

196 2895 315 2968 natura,
338 2910 393 2966 pro
412 2889 443 2948 vi
462 2892 677 2964 tempestatum
696 2890 756 2948 illis

196 2984 295 3040 essent
309 2980 427 3055 aptiora
437 2981 468 3037 et
477 2979 754 3038 accommodatiora.

195 3071 319 3145 Neque
339 3068 432 3126 enim
454 3068 509 3124 his
533 3070 680 3126 nostrae
700 3088 754 3127 ro·

196 3162 271 3217 stro
286 3177 413 3216 nocere
428 3159 600 3231 poterant
612 3148 713 3236 (tanta
724 3157 754 3214 in

195 3248 232 3305 iis
252 3250 317 3305 1111
342 3237 514 3325 firmitudo),
536 3264 651 3321 neque
674 3266 753 3321 pro-

195 3340 276 3412 pter
302 3334 538 3393 altitudinem
566 3334 676 3392 facile
701 3339 753 3393 tc-

196 3427 269 3484 lum
288 3423 506 3501 adigebatur
520 3425 555 3481 et
573 3424 696 3482 eadem
715 3424 754 3482 dc

195 3532 305 3573 causa
337 3513 454 3571 minus
485 3513 664 3571 commode
698 3532 753 3572 co·

194 3603 292 3679 pulis
316 3602 608 3662 continebantur.
646 3601 753 3660 Acce-

195 3693 314 3768 debat,
338 3695 390 3768 ut,
414 3710 492 3750 cum
511 3690 650 3748 saevire
669 3710 753 3749 ven-

195 3787 253 3839 tus
286 3780 479 3856 coepisset,
512 3781 547 3838 et
580 3798 615 3837 se
645 3782 752 3838 vento

194 3870 392 3945 dedissent,
431 3871 465 3927 et
496 3871 751 3943 tempestatem

194 3961 333 4018 ferrent
356 3958 506 4016 facilius
530 3960 565 4015 11
588 3958 623 4014 in
646 3957 749 4016 vadis

193 4049 438 4108 consisterent
474 4046 593 4104 tutius
631 4049 666 4104 et
706 4045 747 4104 ab

193 4142 296 4196 aestu
319 4137 471 4195 relictae
495 4135 587 4192 nihil
611 4153 696 4193 saxa
715 4138 749 4194 ct

193 4229 316 4285 cautes
340 4225 522 4300 timerent,
551 4243 679 4299 quarum
704 4244 748 4283 rc-

192 4335 259 4373 rum
279 4315 412 4374 omnium
429 4313 538 4372 nostris
555 4313 681 4372 navibus
701 4332 747 4371 ca·

192 4423 242 4461 sus
267 4408 332 4462 erat
354 4403 596 4461 extimescendus

855 401 912 459 Dio
933 404 985 478 39,
1000 403 1083 477 41,1
1118 398 1152 458 τὰ
1179 407 1239 458 τῶν
1262 399 1375 477 βαρβά-

811 511 871 567 ρων
886 481 938 568 (sc.
950 481 1066 568 σκάφη)
1081 487 1129 546 ἅτε
1143 486 1176 546 ἐν
1190 498 1226 571 τῇ
1241 488 1375 571 συνεχείᾳ

810 586 862 654 τῆς
885 587 938 636 τοῦ
961 575 1095 637 ὠκεανοῦ
1122 577 1297 656 παλιρροίας
1326 574 1377 635 ἒπί

810 688 839 724 τε
868 675 919 725 ιοῦ
948 667 1041 744 ξηροῦ
1063 666 1204 737 πολλάκις
1233 665 1374 724 ἵστασθαι

810 752 860 812 καὶ
888 755 962 834 πρὸς
989 753 1044 832 τὴν
1071 752 1134 814 ἅνω
1161 776 1190 813 τε
1218 752 1268 813 καὶ
1296 754 1375 814 κάτω

811 843 902 903 αὐτοῦ
957 843 1100 923 διαρροὴν
1155 841 1373 923 ἀντικαρτερεῖν

812 929 967 1008 ὀφείλοντα
989 937 1125 992 πλεῖστον
1149 941 1235 1010 σφῶν
1258 930 1310 992 καὶ
1333 937 1374 1016 τῷ

812 1018 929 1100 μεγέθει
952 1020 1001 1080 καὶ
1028 1031 1060 1105 τῇ
1083 1021 1226 1101 παχύτνχιι
1249 1027 1373 1101 προεῖχε.

812 1200 889 1257 fehlt
912 1200 960 1257 bei
983 1200 1055 1259 Dio!

811 1555 888 1612 fehlt
911 1556 958 1613 bei
982 1556 1053 1614 Dio!

855 1733 913 1791 Dio
940 1736 994 1809 39,
1020 1736 1076 1809 41,
1100 1736 1133 1790 2:
1167 1730 1309 1814 ἐφέροντο
1340 1731 1373 1794 δὲ

811 1818 909 1904 ἀνέμῳ
941 1820 991 1880 καὶ
1022 1825 1120 1904 πολλῷ
1152 1820 1201 1881 καὶ
1234 1824 1371 1907 σφοδρῷ·

810 1907 859 1967 καὶ
891 1908 946 1988 γὰρ
979 1911 1056 1969 ἱστία
1088 1911 1246 1989 ὃερμοίτινα
1282 1905 1372 1992 εἶχον,

811 1997 882 2058 ὥστε
910 2009 1008 2058 πᾶσαν
1035 1997 1090 2078 τὴν
1122 2008 1175 2058 τοῦ
1204 2001 1373 2079 πνεύματος

812 2087 895 2165 ἰσχὺν
919 2086 1073 2166 ἀπλήστως
1096 2085 1275 2168 ἕσὸέχεσθαι.

856 2533 914 2592 Dio
935 2536 985 2610 39,
1001 2537 1053 2611 41,
1071 2538 1102 2592 l:
1128 2543 1216 2594 ταῦτα
1239 2531 1371 2615 μὲνγὰρ

812 2614 864 2700 (sc.
903 2620 937 2680 τὰ
974 2630 1032 2680 τῶν
1065 2615 1216 2700 Ῥωμαίων
1253 2616 1369 2706 σκάφη)

811 2709 885 2790 πρὸς
921 2709 953 2770 τὸ
990 2709 1171 2791 κουφότερον
1207 2709 1282 2792 ὑπὲρ
1317 2721 1370 2772 τοῦ

811 2804 1002 2877 ταχυναυτεῖν
1021 2797 1052 2871 ἐς
1070 2799 1121 2860 τὸν
1139 2808 1193 2878 τῆς
1210 2794 1282 2882 παρ’
1298 2798 1371 2880 ἡμῖν

811 2889 961 2960 ναυτιλίας
983 2887 1092 2968 τρόπον
1114 2886 1280 2950 ἐσκεύαστο.

808 3243 885 3300 fehlt
906 3244 954 3302 bei
978 3245 1049 3304 Dio!

805 3943 952 4037 111111
976 3955 1047 4013 oro!
