2986 5002
216 1214 259 1271 Ut
282 1213 313 1270 in
336 1213 392 1272 hoe
415 1213 491 1271 libro
516 1212 716 1290 gratulatorio
740 1213 775 1270 de
803 1231 837 1271 eo
861 1212 1051 1287 potissimum
1073 1213 1175 1272 libello
1199 1213 1301 1289 dispu-

126 1307 236 1380 tarem,
260 1303 313 1378 qui
337 1305 383 1360 est
405 1302 440 1360 de
465 1301 537 1362 viris
560 1302 742 1379 illustribus,
766 1301 883 1359 duabus
907 1305 1074 1361 commotus
1098 1321 1165 1360 sum
1188 1303 1299 1361 causis:

125 1393 233 1469 altera,
263 1391 344 1467 quod
370 1391 396 1448 is
419 1392 481 1466 ipse
510 1391 630 1449 libellus
653 1410 749 1466 nuper
777 1393 926 1466 apparatu
950 1391 1052 1450 oritIco
1077 1394 1107 1449 et
1130 1392 1299 1451 adnotatio-

123 1481 211 1538 nibus
235 1481 400 1538 instructus
425 1500 443 1538 a
466 1481 566 1557 Wyga
590 1480 782 1556 Groningano
806 1483 852 1538 est
875 1480 986 1558 editus,
1011 1481 1115 1557 altera,
1139 1481 1220 1555 quod
1244 1481 1298 1557 Tu,

124 1570 171 1629 1111
198 1573 229 1628 11
256 1569 426 1629 doctissime
454 1572 485 1627 et
511 1569 736 1646 benignissime,
766 1569 873 1627 studiis
903 1569 958 1646 eis,
987 1588 1064 1644 quae
1092 1571 1162 1628 ante
1189 1569 1299 1646 viginti

124 1660 184 1717 fere
205 1678 298 1718 annos
316 1659 348 1716 in
367 1659 409 1738 eis
429 1658 556 1735 scriptis,
572 1677 649 1733 quae
669 1659 733 1716 Sex.
749 1658 866 1716 Aurelii
885 1658 1016 1717 Victoris
1034 1658 1153 1717 nomine
1173 1658 1298 1716 circum-

122 1749 269 1826 feruntur,
288 1749 434 1806 collocare
449 1748 533 1822 coepi
547 1767 652 1824 neque,
672 1766 857 1822 quamquam
870 1747 1022 1805 interdum
1041 1747 1143 1824 abieci,
1162 1767 1299 1822 unquam

123 1837 244 1896 omnino
268 1837 363 1914 omisi,
388 1855 503 1912 semper
527 1836 675 1913 singulari
693 1836 881 1894 humanitate
901 1839 931 1895 et
953 1836 1162 1895 benevolentia
1184 1836 1296 1895 favisti.

123 1927 231 2002 Itaque
255 1946 291 1984 ex
314 1927 355 1984 Te
383 1929 469 2003 peto,
496 1929 533 1983 ut
558 1926 613 1983 has
642 1945 761 2000 quoque
790 1925 1035 2001 quaestiunculas
1059 1925 1187 2002 benigno
1210 1926 1297 1984 bene-

124 2016 261 2092 voleque,
284 2019 321 2073 ut
344 2016 429 2092 soles,
454 2014 582 2090 accipias
607 2014 714 2073 animo.

211 2104 417 2163 Nouissimam
444 2104 527 2161 illius
556 2103 651 2161 libelli
679 2103 822 2161 editorem
850 2123 887 2161 ea
913 2123 945 2162 re
973 2103 1084 2178 optime
1113 2103 1148 2161 de
1176 2123 1211 2162 eo
1235 2121 1297 2162 esse

122 2194 271 2270 meritum,
290 2194 372 2269 quod
385 2192 499 2268 primus
519 2196 600 2251 certa
619 2193 693 2250 artis
712 2192 832 2251 criticae
851 2192 922 2250 iecit
939 2187 1181 2274 fundamenta*),
1200 2212 1297 2268 nuper

121 2283 237 2341 ostendi
256 2283 287 2340 in
306 2278 558 2341 ‘Wochenschrift
576 2282 627 2340 fiir
644 2282 807 2340 klassische
826 2277 1014 2359 Philologie'.
1046 2282 1134 2340 Nunc
1149 2281 1180 2338 in
1195 2281 1295 2340 animo

126 2372 220 2430 habeo
245 2372 280 2430 dc
303 2371 456 2431 nonnullis
479 2371 553 2431 locis
577 2371 726 2446 copiosius
750 2390 846 2448 agere,
870 2390 962 2446 quam
984 2371 1026 2428 ibi
1049 2369 1113 2428 fieri
1135 2371 1229 2429 licuit.

696 2581 724 2645 1.

216 2728 351 2785 Primum
382 2729 420 2786 ad
450 2746 499 2786 eos
529 2728 622 2804 lecca,
654 2727 763 2802 quibus
793 2745 812 2784 a
837 2726 983 2784 librorum
1010 2726 1058 2785 vel
1088 2726 1222 2784 omnium
1250 2727 1297 2785 vel

122 2816 304 2890 optimorum
339 2817 483 2876 memoria
519 2817 632 2875 iniuria
663 2816 795 2893 Wygam
827 2815 986 2874 decessisse
1019 2816 1037 2873 l.
1067 2816 1085 2872 l.
1119 2815 1296 2893 significavi,

119 2925 231 2979 paucos
254 2906 375 2964 addam:

209 2990 246 3070 2,
267 2989 305 3054 3:
333 2997 498 3053 institutam
526 2999 579 3062 est,
602 2999 635 3053 at
661 2997 695 3052 ia
717 2995 851 3053 omuibus
878 2995 990 3066 ruptiis
1014 2993 1165 3052 Thalassii
1191 3012 1296 3053 morea

120 3086 325 3142 iteraretur.
372 3085 430 3143 Pro
457 3087 613 3142 iteraretur
641 3103 718 3159 quae
741 3084 773 3141 in
796 3083 821 3140 B
845 3082 959 3140 tradita
982 3085 1053 3140 sunt
1076 3073 1114 3162 (Ο
1137 3087 1295 3151 atereatar,

121 3173 147 3229 D
177 3177 306 3231 uteretur
334 3174 383 3232 vel
412 3176 597 3232 iaeoearetar
623 3174 672 3232 vel
699 3163 864 3252 vocaretur)
893 3172 1007 3230 nullius
1039 3175 1110 3230 sunt
1142 3173 1295 3232 momenti.

121 3280 186 3357 Sed,
202 3280 283 3355 quod
296 3279 328 3336 in
347 3302 366 3337 α
383 3279 497 3357 legitur
514 3282 640 3347 iteretur,
659 3279 691 3336 in
710 3280 729 3357 β
747 3258 841 3347 iateet,
860 3279 892 3336 id
910 3279 1010 3355 ipsum
1024 3281 1070 3337 est
1082 3279 1293 3354 recipiendum.

120 3369 199 3426 Nam
221 3387 361 3444 praesens
388 3369 458 3427 huic
486 3370 551 3428 loco
578 3387 700 3444 prorsus
728 3373 835 3445 aptum
858 3371 916 3446 est,
945 3369 995 3427 cfr.
1021 3371 1088 3446 4,9
1114 3370 1190 3441 qaod
1216 3386 1296 3426 auae

120 3477 230 3531 quoque
247 3459 313 3516 riae
331 3461 545 3531 sapeposiarm
562 3457 714 3517 Sororium
732 3459 898 3533 appellatur
916 3461 946 3516 11
966 3460 1017 3535 42,
1033 3460 1051 3516 6
1072 3459 1105 3515 ia
1123 3458 1294 3529 1111111οά11-

121 3566 174 3619 qae
196 3549 369 3621 inscriptam
392 3551 440 3606 est.

189 3718 216 3785 ⁹⁶)
235 3715 370 3770 Codicum
389 3718 462 3770 duae
481 3719 548 3770 sunt
566 3716 684 3786 classes,
708 3735 828 3785 quarum
852 3709 1008 3784 alterati.)
1027 3732 1061 3769 ex
1085 3715 1193 3768 duobus
1213 3715 1292 3769 libris

120 3788 213 3856 (Brun.
233 3809 252 3841 a
272 3789 301 3841 et
320 3787 406 3843 Oxou.
429 3790 456 3859 β)
475 3790 592 3842 constat.
630 3789 662 3841 ln
680 3788 725 3842 his
745 3788 889 3843 codicibus
908 3787 1022 3841 libellus
1041 3787 1076 3840 de
1090 3786 1158 3839 viris
1176 3786 1292 3839 illustri-

121 3859 172 3911 bus
191 3876 256 3912 cum
274 3859 372 3913 libello
392 3859 426 3912 de
446 3858 553 3928 origiue
572 3858 665 3928 gentis
679 3860 824 3914 Romanae
838 3859 880 3912 ita
895 3861 938 3912 est
952 3857 1124 3925 coniunctus,
1144 3860 1176 3910 ut
1189 3858 1293 3910 omisso

120 3930 219 3999 capitis
234 3929 318 3998 primi
337 3929 419 3983 initio
433 3931 520 3984 verba
534 3932 630 3998 ectr'ait,
648 3948 683 3984 ae
697 3933 758 4000 qais
770 3933 873 3986 retiari
887 3932 1040 3984 transiliret
1054 3946 1077 3984 e.
1092 3948 1118 3997 q.
1135 3946 1155 3982 s.
1176 3928 1292 3998 originis

120 4002 201 4054 finem
221 4001 319 4054 statim
339 4005 499 4069 sequantur.
528 4003 559 4054 In
573 4001 617 4054 his
636 4001 717 4055 libris
737 4002 804 4056 solis
819 4003 932 4056 exstant
950 4018 1010 4070 cap.
1027 4005 1139 4054 ‘rr-86.
1167 3999 1292 4053 Alterius

123 4073 219 4125 classis
239 4073 284 4141 (B)
304 4073 376 4127 duae
395 4076 461 4127 sunt
483 4072 623 4141 familiae,
648 4090 767 4141 quarum
789 4074 819 4127 in
842 4073 932 4126 altera
952 4072 994 4141 (C)
1013 4071 1114 4140 capitis
1135 4076 1168 4123 76
1191 4071 1293 4124 ultima

118 4145 203 4196 verba
223 4147 288 4197 eunt
306 4146 344 4198 aot
358 4145 544 4198 Ptolomaeum
558 4145 755 4211 Aieaaartriae,
774 4145 804 4198 in
823 4144 913 4198 altera
927 4144 973 4212 (D)
993 4150 1008 4208 ξ
1023 4148 1126 4195 10—13
1142 4142 1290 4196 adduntur.

120 4215 239 4269 Familia
253 4215 273 4269 Ο
288 4218 399 4269 constat
413 4233 428 4269 e
443 4217 523 4270 Laur.
539 4215 659 4283 LXVIII,
671 4221 704 4268 29
720 4219 758 4285 (y)
773 4219 802 4269 et
815 4215 902 4270 Lond.
916 4232 986 4268 mus.
1002 4214 1070 4268 Brit.
1086 4214 1168 4267 Bum.
1185 4219 1234 4265 231
1247 4216 1291 4283 (a),

121 4303 184 4338 nam
199 4287 233 4340 de
247 4287 330 4355 Leop.
347 4287 419 4341 Med.
437 4293 486 4340 181
502 4290 541 4356 (d)
556 4285 728 4356 paucissima
746 4290 857 4340 tantum
877 4289 942 4338 sunt
960 4288 1034 4340 nota.
1070 4285 1171 4338 Omnes
1191 4283 1291 4352 reliqui

121 4356 195 4425 libri,
220 4360 359 4426 quotquot
382 4376 455 4411 nunc
474 4361 540 4412 sunt
563 4358 637 4426 noti,
661 4357 787 4412 familiae
807 4359 831 4410 D
850 4359 916 4410 sunt
939 4356 1149 4410 adscribendae.
1187 4355 1291 4410 Classis

122 4429 143 4479 Α
161 4429 270 4482 codices
290 4429 390 4483 ceteris
408 4447 464 4483 non
482 4430 567 4499 paulo
586 4431 740 4498 praestant.
