2986 5002
661 353 748 383 ,--
795 315 860 379 320
907 352 948 359 -

327 482 373 539 Ex
399 481 446 538 his
473 480 596 539 minoris
624 482 695 537 sunt
724 498 801 554 quae
830 498 899 537 cum
922 478 1067 557 Scaligeri
1090 479 1269 540 coniecturis
1293 500 1416 541 consen-

239 572 333 628 tiunt:
359 590 419 629 non
443 570 522 628 enim
544 569 647 646 magni
670 568 783 646 ingenii
807 570 872 626 erat
893 568 1012 627 Ptebus
1034 569 1066 626 in
1088 571 1182 642 fedus,
1207 574 1234 628 et
1254 571 1288 628 in
1311 576 1360 640 est,
1383 576 1417 630 ut

239 663 272 719 iu
294 660 325 717 in
347 662 404 727 uti,
432 659 580 734 Cyllenius
603 659 634 715 in
660 657 800 732 Opiteuie,
829 661 936 730 queunt
956 657 988 715 in
1010 663 1120 727 medat,
1148 663 1234 732 utque
1254 661 1308 718 bos
1330 661 1363 718 in
1386 665 1417 719 ut

240 768 311 822 ques
333 748 485 826 refingere.
533 747 590 805 Sed
614 747 674 805 alia
697 746 789 805 miror
811 745 942 804 Bentleii
969 747 1161 824 antecessisse
1187 747 1414 827 diuinationem,

239 841 332 897 tribus
359 840 429 896 boec
455 837 565 914 ItaluS,
594 839 683 894 terreis
706 836 817 912 Bentl,
849 837 940 893 aciem
961 855 1016 912 pro
1039 854 1074 895 uc
1096 855 1144 905 ue,
1173 855 1270 896 seeum
1292 841 1414 912 irrepunt

239 949 293 1004 pro
317 945 347 985 se
371 929 559 999 couiuupuut,
585 928 717 984 muribus
739 945 793 1000 pro
812 926 951 997 poribus,
976 930 1085 998 partus
1108 917 1166 1006 (sic
1189 926 1362 986 Gronouius
1383 931 1412 987 et

240 1008 352 1096 Bentl.)
376 1035 429 1091 pro
448 1018 555 1087 partis,
583 1032 651 1072 reus
673 1033 727 1089 pro
750 1031 841 1081 reuru,
864 1017 1035 1087 pariterque
1056 1018 1204 1088 sequeutia
1227 1036 1283 1092 pro
1301 1019 1413 1090 puriter

240 1109 390 1172 seutentiu,
413 1106 539 1163 fortasse
564 1108 705 1176 quautam
726 1123 780 1178 pro
805 1121 955 1176 quumque.

329 1195 399 1252 Alia
422 1194 520 1253 nescio
545 1212 584 1250 an
607 1193 688 1268 apud
714 1193 812 1249 ullum
840 1192 880 1248 sis
904 1192 1096 1270 inuenturuS,
1126 1195 1179 1252 diu
1206 1214 1261 1270 pro
1289 1213 1362 1268 quo,
1391 1200 1415 1254 et

241 1286 353 1356 templis
376 1303 429 1358 pro
454 1284 602 1355 exemplis,
627 1285 753 1355 eupasia
775 1300 829 1356 pro
854 1287 992 1354 enpustu,
1015 1287 1117 1356 peteres
1139 1303 1193 1358 pro
1212 1288 1308 1356 petes,
1327 1304 1414 1358 pere·

238 1377 336 1446 ,ceretio
359 1375 457 1431 sidero
479 1373 614 1430 membris
636 1391 690 1447 pro
713 1372 853 1443 percutio
875 1374 961 1444 cipue
983 1373 1101 1445 piperis,
1130 1377 1157 1430 et
1179 1375 1305 1446 ceruicis
1328 1376 1415 1432 simul

241 1468 266 1521 et
284 1480 355 1535 quos
368 1463 492 1535 protulit
508 1479 595 1528 urae,
619 1481 673 1536 pro
695 1462 803 1532 911011
820 1462 917 1532 pisces
938 1478 1008 1533 quos
1026 1463 1151 1534 protulit
1171 1464 1263 1530 unua,
1285 1467 1415 1536 utrisque

237 1573 290 1628 pro
314 1554 473 1624 utriusque,
497 1551 570 1622 forie
593 1569 646 1625 pro
671 1551 738 1622 fori,
761 1551 794 1606 iu
816 1551 962 1623 frontibus
983 1553 1058 1623 ipsis
1080 1550 1174 1609 Nosse
1196 1553 1270 1610 sotis
1291 1571 1352 1610 uou
1376 1557 1416 1611 est

237 1661 291 1716 pro
316 1643 392 1714 quod
413 1641 551 1713 portibus
573 1641 647 1711 ipsis
670 1639 909 1696 Dodecuteruorti.
955 1639 1020 1697 Hoc
1047 1640 1191 1698 ultimum
1217 1644 1297 1699 certe
1325 1661 1416 1717 quam

237 1750 331 1806 prope
355 1750 373 1788 a
396 1729 515 1787 traditis
545 1729 681 1787 codicum
713 1727 836 1804 litteris,
866 1731 931 1786 tam
958 1728 1046 1806 longe
1075 1747 1094 1786 a
1122 1747 1194 1788 sono
1223 1730 1309 1788 abest
1336 1731 1415 1789 litte-

237 1840 353 1877 rarum:
386 1823 422 1876 ut
446 1818 547 1894 quiuis
570 1817 724 1894 intelligat
747 1820 801 1874 aut
824 1837 859 1874 ex
883 1817 982 1876 codice
1006 1817 1144 1876 dissimili
1166 1822 1341 1878 nostrorum
1363 1824 1417 1878 aut

239 1930 274 1967 ex
297 1908 444 1986 singulari
469 1907 625 1965 diuinandi
647 1907 785 1964 ubertate
808 1906 989 1981 prouenisse.
1035 1907 1101 1965 Iam
1123 1907 1200 1966 illud
1221 1909 1297 1980 foris
1320 1929 1415 1968 nonne

239 2016 339 2057 omnes
363 2016 502 2056 numeros
525 1997 616 2054 habet
634 1994 877 2071 probabilitatis?
905 1995 983 2065 Quid
1002 1999 1074 2054 sunt
1092 1997 1172 2055 enim
1190 1997 1318 2056 insidiae
1337 1998 1414 2057 fori?

239 2088 350 2162 Aperte
375 2090 569 2162 opponuntur
595 2085 674 2143 inter
701 2103 731 2142 se
760 2085 881 2142 fraudes
909 2085 995 2162 foris,
1026 2085 1130 2144 caedes
1158 2085 1240 2146 domi
1268 2090 1360 2164 atque
1383 2088 1414 2145 in

237 2176 393 2234 moenibus
416 2175 489 2250 ipsis
512 2176 633 2233 Romae.
680 2173 772 2231 Amat
794 2174 867 2232 haec
891 2173 1041 2232 antitheta
1062 2173 1165 2234 Cicero
1188 2179 1224 2233 ut
1247 2195 1284 2234 ex
1301 2176 1414 2235 Handii

239 2265 407 2323 Tursellino
432 2266 558 2340 apparet
580 2263 626 2328 Π,ι
638 2284 666 2338 p.
683 2266 754 2322 708.
801 2264 845 2321 De
870 2262 924 2322 Off.
949 2263 971 2322 I.
994 2268 1043 2323 22.
1070 2267 1109 2323 76
1129 2267 1224 2337 parui
1247 2268 1325 2324 euim
1347 2270 1415 2324 suut

238 2356 313 2427 feris
336 2373 430 2422 urruu,
452 2356 513 2412 uisi
536 2357 577 2411 est
599 2353 750 2410 eonsilium
772 2354 857 2410 domi.
904 2353 989 2412 Rosc.
1013 2354 1079 2412 Am.
1103 2353 1223 2412 XLVIL
1251 2357 1313 2414 136
1337 2357 1415 2414 domi

238 2445 374 2518 otpertus,
397 2444 471 2515 foris
495 2444 659 2501 auctoritas.
706 2441 811 2500 lustin.
831 2442 936 2500 XXVI.
958 2446 976 2501 5
1000 2444 1073 2515 forts
1095 2445 1227 2511 inautus,
1251 2445 1413 2517 1111111111-

237 2535 310 2607 pe'tes
333 2551 400 2591 esse.

328 2623 385 2681 Sed
405 2641 473 2680 cum
492 2621 616 2679 mirarer
634 2623 698 2678 tam
716 2621 810 2679 bonae
829 2620 926 2698 frugis
944 2620 1070 2679 inuenta
1088 2624 1152 2679 tam
1170 2640 1292 2697 prorsus
1307 2623 1413 2682 nesciri

147 2715 150 2722 '
238 2712 323 2772 cuius
352 2715 461 2788 essent,
493 2710 608 2770 contuli
635 2730 682 2768 me
711 2710 748 2767 ad
775 2710 888 2785 peritos
916 2709 1062 2769 scribendi
1090 2730 1234 2788 generum
1260 2714 1292 2770 et
1319 2713 1412 2770 chiro-

239 2803 430 2879 graphorum.
476 2799 517 2857 Hi
539 2819 599 2859 non
624 2817 724 2857 omnes
748 2799 827 2857 idem
850 2799 1038 2858 iudicabant:
1069 2819 1140 2859 nam
1163 2801 1328 2880 MacraiuS,
1351 2803 1412 2860 Ma·

239 2892 343 2968 danne,
366 2891 508 2949 Nicholso
533 2892 602 2947 ante
627 2908 740 2947 annum
761 2891 846 2947 1550
865 2889 977 2964 scripta
1000 2909 1036 2947 ea
1054 2890 1301 2968 pronuntiabant,
1326 2872 1412 2951 1111.

238 2981 366 3039 Thomso
390 2979 524 3054 potuisse
548 2979 626 3036 circa
652 2980 737 3037 1550
761 2977 857 3055 scribi,
877 2979 1040 3036 Warnerus
1064 2998 1123 3038 non
1147 2983 1216 3038 ante
1240 2983 1327 3040 1550
1351 2981 1412 3058 opi-

238 3070 401 3127 nabantur:
439 3068 565 3144 denique
595 3067 722 3126 lacobus
752 3067 865 3125 Parker
895 3067 1029 3143 potuisse
1062 3067 1184 3144 quidem
1215 3068 1296 3128 circa
1330 3074 1413 3130 1550

239 3158 340 3235 scribi,
369 3177 435 3216 eam
463 3160 564 3215 tamen
592 3175 655 3215 esse
682 3155 856 3214 uniuersam
879 3157 1007 3232 speciem
1030 3157 1196 3233 scripturae
1220 3177 1299 3234 quae
1323 3161 1413 3219 serior

240 3267 318 3305 anno
341 3249 426 3306 1600
445 3246 606 3318 uideretur.
644 3246 689 3304 Ne
708 3246 785 3303 illud
805 3245 925 3320 quidem
939 3247 1105 3324 constabat,
1124 3247 1225 3306 omnia
1243 3247 1413 3308 eiusdemne

239 3355 346 3395 manus
370 3338 475 3394 essent.
521 3335 586 3393 Hoc
613 3334 709 3413 igitur
736 3335 767 3392 in
795 3335 907 3394 incerto
935 3336 1165 3412 relinquendum
1192 3336 1262 3395 erit:
1295 3340 1413 3397 tantum

239 3426 304 3484 dico
324 3425 398 3483 rnihi
418 3428 448 3483 et
466 3423 598 3500 primum
621 3427 779 3501 conspecta
803 3427 833 3483 et
857 3425 976 3500 saepius
999 3425 1187 3484 considerata
1210 3443 1329 3503 semper
1351 3428 1414 3487 eius

239 3515 352 3574 saeculi
370 3515 438 3572 uisa
456 3532 519 3572 esse
539 3514 619 3589 quod
637 3514 859 3572 renascentium
877 3514 908 3572 in
927 3514 1018 3572 ltalia
1036 3515 1207 3573 litterarum
1225 3517 1414 3575 nominatum

239 3609 291 3664 est.
329 3605 409 3663 Nam
427 3603 599 3661 litterarum
616 3602 723 3681 figura,
747 3623 931 3679 quamquam
950 3624 1009 3663 non
1029 3623 1144 3680 semper
1162 3603 1275 3682 eadem,
1298 3606 1330 3664 in
1349 3607 1414 3665 nni·

239 3714 361 3753 uersum
389 3698 490 3752 tamen
518 3713 611 3768 prope
639 3693 753 3752 accedit
781 3693 819 3750 ad
846 3712 913 3752 eam
940 3713 1017 3769 quae
1043 3693 1081 3751 ab
1105 3687 1189 3752 anno'
1205 3712 1304 3770 usque
1330 3698 1415 3756 1480

239 3785 384 3842 inuoluit:
418 3783 553 3858 exempla
580 3782 715 3841 inuenies
738 3782 770 3839 in
793 3781 850 3840 fine
873 3782 943 3840 libri
966 3782 1061 3841 omnis
1089 3781 1242 3841 doctrinae
1271 3784 1414 3844 uberrimi

240 3874 321 3932 Petri
351 3873 385 3931 de
416 3873 532 3931 Nolhac
562 3867 623 3930 ‘Lu
650 3872 849 3944 Bibliotbeque
876 3873 911 3930 de
937 3872 1044 3950 Fuluio
1073 3866 1195 3940 Orsiui',
1227 3871 1308 3933 iuter
1337 3893 1414 3951 quae

240 3963 384 4021 Bernardi
416 3961 534 4039 Bembi,
567 3961 676 4040 Angeli
704 3961 859 4038 Politiani,
892 3961 926 4018 Α.
957 3959 1084 4020 Golucii:
1118 3979 1248 4036 quorum
1280 3965 1414 4023 omnium

239 4053 350 4111 habent
373 4052 518 4110 adnotata
541 4051 601 4108 ista
624 4051 705 4126 quod
728 4050 824 4108 simile
848 4050 900 4108 sit:
925 4050 1085 4126 praecipue
1109 4053 1213 4109 autem
1235 4051 1275 4110 ad
1298 4052 1329 4111 id
1352 4072 1414 4112 sae·

239 4144 341 4201 culum
364 4142 490 4199 redeunt
513 4141 688 4215 compendia
711 4140 884 4216 scripturae.
930 4141 971 4197 Et
993 4139 1143 4198 Macraius
1167 4139 1299 4221 quidem,
1328 4143 1413 4202 cuius

239 4231 349 4290 iudicio
380 4231 411 4288 in
440 4231 496 4288 hac
527 4229 596 4288 crisi
624 4229 790 4306 plurimum
820 4230 932 4308 defero,
964 4229 1074 4287 iterum
1102 4248 1120 4287 a
1147 4249 1194 4288 me
1224 4235 1352 4310 rogatus
1379 4235 1415 4290 ut

240 4321 349 4378 librum
372 4320 539 4397 inspiceret,
563 4319 802 4394 eandem'quam
825 4319 908 4394 prius
932 4318 1112 4376 sententiam
1135 4317 1228 4378 etiam
1246 4320 1413 4397 expressius

239 4409 434 4488 significauit,
465 4411 626 4484 postquam
654 4409 733 4466 domi
762 4428 829 4466 eum
858 4411 888 4466 et
916 4407 1160 4483 circumspectius
1186 4412 1411 4488 recognocerat.

240 4499 295 4558 Hic
323 4519 400 4574 quae
428 4497 544 4556 censuit
571 4518 630 4555 non
654 4498 760 4555 inutile
785 4498 860 4556 duco
885 4518 920 4556 ex
943 4496 1074 4572 epistula
1096 4497 1162 4556 eius
1184 4499 1333 4577 proferre3
1364 4518 1410 4558 res
