2940 4994
240 1301 283 1358 Ut
306 1304 392 1378 grato
416 1301 526 1376 pioque
549 1301 757 1361 venerantium
781 1301 880 1360 animo
905 1303 935 1360 di
958 1303 1099 1362 delectati
1118 1325 1177 1363 non
1197 1306 1328 1380 require-

151 1390 225 1447 bant
247 1390 362 1448 hostias
386 1393 590 1466 sumptuosaS,
619 1389 663 1447 ita
687 1390 767 1467 Tibi,
795 1391 841 1449 vir
865 1392 1060 1469 amplissime,
1088 1412 1147 1451 non
1176 1394 1328 1471 ingratam

152 1479 213 1536 fore
233 1477 348 1537 confido
367 1479 444 1538 hanc
465 1479 617 1537 lanculam
641 1470 800 1558 (quoniam
818 1480 940 1558 gaudes
959 1480 1086 1558 Lupule,
1110 1475 1317 1562 deminutivis)

152 1567 176 1624 si
205 1587 264 1626 non
292 1568 420 1642 pondere
449 1571 479 1626 et
508 1568 618 1644 pretio,
649 1568 700 1625 sed
730 1568 829 1627 animo
860 1571 891 1626 et
920 1569 1032 1644 pietate
1062 1571 1194 1630 metiare.
1241 1531 1327 1630 Undd

152 1659 254 1714 autem
281 1656 383 1730 potius
411 1656 565 1716 exordium
594 1656 712 1731 capiam
739 1676 830 1732 quam
854 1657 891 1715 ab
915 1678 949 1717 eo
974 1658 1129 1736 scriptore,
1161 1660 1227 1736 qui,
1258 1680 1326 1718 cum

152 1746 215 1803 eius
238 1745 358 1803 nomine
382 1765 429 1804 me
453 1746 491 1804 ad
514 1745 600 1822 signa
624 1746 690 1803 Tua
714 1764 879 1823 evocasses,
906 1747 962 1805 hoc
986 1748 1074 1822 quasi
1098 1749 1326 1806 contubernium

151 1835 321 1892 litterarum
340 1834 418 1893 inter
436 1853 489 1894 nos
505 1834 684 1910 conciliavit,
706 1835 857 1892 Vitruvio?
879 1835 915 1892 In
935 1855 994 1910 quo
1014 1855 1083 1894 cum
1103 1855 1190 1912 saepe
1210 1838 1325 1896 librarii

151 1923 308 1981 verborum
336 1923 561 1982 terminationes
589 1923 667 1981 male
696 1927 890 1982 mutaverunt
916 1926 1173 1984 accommodantes
1197 1927 1235 1984 ad
1257 1947 1324 2001 pro·

150 2013 228 2069 xima
252 2013 407 2089 vocabula,
431 2015 497 2070 turn
520 2013 551 2069 in
574 2012 664 2087 primi
687 2012 756 2069 libri
779 2013 876 2088 capite
900 2013 996 2088 primo
1020 2014 1076 2073 hoo
1094 2015 1204 2073 vitium
1223 2015 1324 2090 depre-

149 2101 284 2160 hendisse
317 2101 391 2159 mihi
421 2102 531 2160 videor.
588 2101 634 2159 Ibi
664 2121 691 2176 p.
716 2105 732 2160 6
758 2121 784 2159 v.
810 2105 846 2160 11
881 2103 923 2160 ed.
954 2102 1032 2160 Rose
1063 2103 1136 2162 haec
1166 2104 1323 2181 leguntur:

150 2184 236 2248 ‘Item
255 2190 381 2249 theatris
400 2209 473 2249 vasa
492 2209 587 2267 aerea,
612 2209 688 2265 quae
708 2191 739 2247 in
759 2191 840 2248 cellis
865 2192 920 2249 sub
943 2191 1086 2268 gradibus
1110 2193 1323 2252 mathematica

149 2279 263 2338 ratione
297 2281 491 2339 conlocantur
523 2279 677 2338 sonituum
709 2279 747 2337 ad
777 2280 961 2356 discrimina,
995 2299 1072 2355 quae
1103 2281 1209 2341 Graeci
1242 2279 1323 2360 ἠχεῐα

150 2369 316 2445 appellant,
353 2370 391 2427 ad
423 2368 615 2444 symphonias
647 2369 776 2426 musicas
814 2369 875 2428 sive
909 2372 1069 2428 concentus
1103 2374 1323 2445 componuntur
1383 2419 1395 2440 ,

150 2457 244 2515 divisa
272 2457 305 2515 in
332 2458 524 2516 circinatione
553 2458 738 2516 diatessaron
766 2460 796 2515 et
819 2458 957 2533 diapente
982 2461 1012 2516 et
1035 2459 1179 2534 diapason
1203 2460 1241 2517 ad
1266 2461 1322 2518 dis·

149 2546 306 2623 diapason,
336 2547 383 2604 uti
412 2567 470 2606 vox
500 2546 626 2605 scaenici
657 2546 772 2605 sonitus
806 2546 982 2606 conveniens
1015 2548 1046 2604 in
1076 2548 1322 2622 dispositionibus
1381 2538 1383 2542 ’

149 2637 231 2693 tactu
255 2654 325 2693 cum
348 2635 515 2713 offenderit,
544 2638 633 2693 aucta
657 2655 726 2693 cum
748 2635 929 2695 incremento
954 2636 1115 2694 clarior‘et
1138 2637 1260 2695 suavior
1283 2639 1321 2696 ad

149 2727 350 2798 spectatorum
376 2725 532 2800 perveniat
559 2718 665 2782 aures'
712 2723 747 2780 In
770 2724 878 2782 ultimo
902 2724 1058 2783 enuntiato
1083 2725 1171 2799 plura
1195 2726 1321 2784 obscura

148 2812 299 2888 videntum
322 2832 392 2871 nam
411 2833 464 2872 nec
483 2816 561 2872 recte
581 2813 691 2871 dicitur
709 2830 764 2871 corr
782 2815 906 2871 scaenici
924 2816 1035 2872 sonitus
1055 2806 1176 2894 (ferrem
1195 2817 1321 2873 scottum

150 2895 246 2982 uocis),
270 2921 324 2960 nec
347 2902 420 2977 quid
442 2903 496 2960 illa
518 2922 576 2961 vox
600 2902 730 2960 offendat
749 2905 875 2977 apparet
894 2935 935 2942 —
954 2922 1014 2961 non
1037 2903 1125 2962 facilc
1149 2903 1228 2961 enim
1252 2905 1320 2962 sub-

149 2991 251 3048 audias
267 3009 302 3049 cc
316 2982 434 3071 (661166)
455 3024 496 3031 -
516 3011 570 3050 nec
585 2991 658 3066 quid
677 2991 733 3048 sibi
754 2991 828 3049 velit
846 3009 901 3048 coc
920 2994 1089 3051 convenicus
1107 2994 1140 3050 16
1158 2993 1320 3064 dispositio-

147 3081 240 3138 nibus
295 3080 340 3137 Ne
373 3079 505 3138 Reberus
538 3079 659 3155 quidem
691 3101 725 3138 ex
756 3081 802 3138 his
840 3079 1069 3139 difficultatibus
1106 3099 1136 3139 se
1169 3082 1321 3156 expedisse

148 3168 273 3245 videtur,
298 3187 367 3226 cum
390 3169 434 3226 ita
457 3170 556 3227 locum
579 3169 773 3244 interpretur:
804 3170 917 3227 damit
940 3170 1000 3228 der
1024 3170 1147 3229 Schall
1169 3190 1237 3228 von
1261 3172 1321 3230 der

148 3257 283 3333 Biihne,
307 3257 433 3316 sobald
453 3277 488 3316 er
508 3257 794 3334 derVerteilung
813 3258 874 3315 der
894 3258 1038 3317 Gefalse
1058 3260 1320 3334 entsprechend

147 3338 319 3423 (delendum
347 3346 442 3423 igitur
467 3337 651 3426 consuitur)
684 3366 726 3404 an
757 3346 941 3405 dieselben
972 3349 1175 3424 anschlagt,
1208 3349 1317 3407 durch

146 3435 395 3512 Verstarkung
413 3436 593 3494 vermehrt
612 3435 815 3494 deutlicher
838 3437 908 3494 und
933 3437 1171 3514 angenehmer
1194 3438 1317 3496 auden

147 3521 262 3582 Ohren
295 3524 355 3582 der
388 3524 593 3582 Zuschauer
625 3525 785 3601 gelange.
833 3524 890 3582 Sed
923 3525 1023 3583 omnia
1052 3526 1144 3600 plana
1173 3525 1262 3601 fiunt,
1294 3527 1319 3584 si

146 3613 286 3689 legimus:
315 3606 373 3670 ‘uti
395 3632 453 3672 vox
476 3612 611 3688 scaenici,
636 3613 751 3672 sonitus
774 3613 995 3672 convenientes
1018 3614 1049 3670 in
1073 3613 1318 3688 dispositionibus

146 3705 229 3759 tactu
257 3720 326 3759 cum
354 3701 521 3778 offenderit,
555 3704 656 3778 aucta,
687 3705 718 3760 et
746 3721 772 3776 q.
796 3720 816 3759 6.
850 3702 963 3759 damit
995 3702 1050 3759 die
1084 3701 1229 3759 Stimme
1262 3703 1317 3761 des

146 3789 424 3864 Schauspielers
449 3781 499 3870 (cf.
524 3810 551 3865 p.
575 3782 735 3869 120,18),
764 3790 880 3848 indem
908 3791 959 3849 sie
983 3791 1038 3848 die
1063 3791 1317 3864 entsprechen-

145 3879 208 3936 den
233 3879 329 3937 Tdne
354 3878 389 3934 in
413 3879 477 3936 den
497 3879 782 3955 Aufstellungen
807 3871 877 3957 (ie.
903 3879 937 3936 in
961 3879 1026 3936 den
1051 3879 1316 3954 aufgestellten

145 3968 449 4044 Schallgefalsen,
469 3971 505 4024 ut
523 3970 594 4025 sunt
608 3968 697 4026 echea
712 3968 808 4026 divisa
827 3967 888 4025 sive
903 3967 1049 4042 disposita
1063 3967 1094 4024 in
1109 3962 1315 4047 circinatione)

144 4056 293 4114 beriihrt
319 4057 390 4114 und
418 4057 526 4114 trifst.
574 4056 719 4115 Similiter
741 4057 900 4114 Vitruvius
927 4057 962 4114 de
991 4056 1094 4114 eadem
1121 4075 1152 4113 re
1180 4056 1317 4130 loquitur

144 4148 299 4221 p.115,4
325 4139 398 4204 ‘vox
428 4165 446 4203 6
477 4164 583 4204 scaena
612 4145 659 4203 uti
692 4145 729 4203 ab
759 4149 860 4204 centro
892 4144 1016 4221 profusa
1049 4163 1079 4202 se
1111 4144 1315 4222 circumagens

145 4238 287 4309 tactuque
327 4234 435 4292 feriens
474 4234 661 4311 singulorum
697 4253 839 4293 vasorum
876 4253 949 4292 cava
985 4232 1159 4292 excitaverit
1195 4237 1315 4292 auctam

145 4323 312 4380 claritatem
341 4327 371 4379 et
398 4326 543 4381 concentu
571 4325 830 4381 conuenientem
853 4324 922 4381 sibi
946 4315 1227 4381 consonantiam'
1251 4323 1269 4380 i.
1290 4343 1313 4382 e.

145 4411 350 4470 convenientes
374 4412 497 4470 sonitus.
